<?xml version="1.0"?>
<ENVELOPE>
 <HEADER>
  <TALLYREQUEST>Import Data</TALLYREQUEST>
 </HEADER>
 <BODY>
  <IMPORTDATA>
   <REQUESTDESC>
    <REPORTNAME>Vouchers</REPORTNAME>
    <STATICVARIABLES>
     <SVCURRENTCOMPANY>AMMAR INDUSTRIAL CORPORATION</SVCURRENTCOMPANY>
    </STATICVARIABLES>
   </REQUESTDESC>
   <REQUESTDATA><TALLYMESSAGE xmlns:UDF="TallyUDF">
    <VOUCHER VCHTYPE="Receipt" ACTION="Create" OBJVIEW="Accounting Voucher View">
        <OLDAUDITENTRYIDS.LIST TYPE="Number">
            <OLDAUDITENTRYIDS>-1</OLDAUDITENTRYIDS>
        </OLDAUDITENTRYIDS.LIST>
        <DATE>20241029</DATE>
        <GUID>fb0a08e7-3fca-4e96-8926-f090dfb9c8ae-00000287</GUID>
        <VOUCHERTYPENAME>Receipt</VOUCHERTYPENAME>
        <PARTYLEDGERNAME>NIVA CONSTRUCTION</PARTYLEDGERNAME>
        <CSTFORMISSUETYPE/>
        <CSTFORMRECVTYPE/>
        <FBTPAYMENTTYPE>Default</FBTPAYMENTTYPE>
        <PERSISTEDVIEW>Accounting Voucher View</PERSISTEDVIEW>
        <VCHGSTCLASS/>
        <DIFFACTUALQTY>No</DIFFACTUALQTY>
        <ISMSTFROMSYNC>No</ISMSTFROMSYNC>
        <ASORIGINAL>No</ASORIGINAL>
        <AUDITED>No</AUDITED>
        <FORJOBCOSTING>No</FORJOBCOSTING>
        <ISOPTIONAL>No</ISOPTIONAL>
        <USEFOREXCISE>No</USEFOREXCISE>
        <ISFORJOBWORKIN>No</ISFORJOBWORKIN>
        <ALLOWCONSUMPTION>No</ALLOWCONSUMPTION>
        <USEFORINTEREST>No</USEFORINTEREST>
        <USEFORGAINLOSS>No</USEFORGAINLOSS>
        <USEFORGODOWNTRANSFER>No</USEFORGODOWNTRANSFER>
        <USEFORCOMPOUND>No</USEFORCOMPOUND>
        <USEFORSERVICETAX>No</USEFORSERVICETAX>
        <ISEXCISEVOUCHER>No</ISEXCISEVOUCHER>
        <EXCISETAXOVERRIDE>No</EXCISETAXOVERRIDE>
        <USEFORTAXUNITTRANSFER>No</USEFORTAXUNITTRANSFER>
        <IGNOREPOSVALIDATION>No</IGNOREPOSVALIDATION>
        <EXCISEOPENING>No</EXCISEOPENING>
        <USEFORFINALPRODUCTION>No</USEFORFINALPRODUCTION>
        <ISTDSOVERRIDDEN>No</ISTDSOVERRIDDEN>
        <ISTCSOVERRIDDEN>No</ISTCSOVERRIDDEN>
        <ISTDSTCSCASHVCH>No</ISTDSTCSCASHVCH>
        <INCLUDEADVPYMTVCH>No</INCLUDEADVPYMTVCH>
        <ISSUBWORKSCONTRACT>No</ISSUBWORKSCONTRACT>
        <ISVATOVERRIDDEN>No</ISVATOVERRIDDEN>
        <IGNOREORIGVCHDATE>No</IGNOREORIGVCHDATE>
        <ISVATPAIDATCUSTOMS>No</ISVATPAIDATCUSTOMS>
        <ISDECLAREDTOCUSTOMS>No</ISDECLAREDTOCUSTOMS>
        <ISSERVICETAXOVERRIDDEN>No</ISSERVICETAXOVERRIDDEN>
        <ISISDVOUCHER>No</ISISDVOUCHER>
        <ISEXCISEOVERRIDDEN>No</ISEXCISEOVERRIDDEN>
        <ISEXCISESUPPLYVCH>No</ISEXCISESUPPLYVCH>
        <ISGSTOVERRIDDEN>No</ISGSTOVERRIDDEN>
        <GSTNOTEXPORTED>No</GSTNOTEXPORTED>
        <IGNOREGSTINVALIDATION>No</IGNOREGSTINVALIDATION>
        <ISVATPRINCIPALACCOUNT>No</ISVATPRINCIPALACCOUNT>
        <ISBOENOTAPPLICABLE>No</ISBOENOTAPPLICABLE>
        <ISSHIPPINGWITHINSTATE>No</ISSHIPPINGWITHINSTATE>
        <ISOVERSEASTOURISTTRANS>No</ISOVERSEASTOURISTTRANS>
        <ISDESIGNATEDZONEPARTY>No</ISDESIGNATEDZONEPARTY>
        <ISCANCELLED>No</ISCANCELLED>
        <HASCASHFLOW>Yes</HASCASHFLOW>
        <ISPOSTDATED>No</ISPOSTDATED>
        <USETRACKINGNUMBER>No</USETRACKINGNUMBER>
        <ISINVOICE>No</ISINVOICE>
        <MFGJOURNAL>No</MFGJOURNAL>
        <HASDISCOUNTS>No</HASDISCOUNTS>
        <ASPAYSLIP>No</ASPAYSLIP>
        <ISCOSTCENTRE>No</ISCOSTCENTRE>
        <ISSTXNONREALIZEDVCH>No</ISSTXNONREALIZEDVCH>
        <ISEXCISEMANUFACTURERON>No</ISEXCISEMANUFACTURERON>
        <ISBLANKCHEQUE>No</ISBLANKCHEQUE>
        <ISVOID>No</ISVOID>
        <ISONHOLD>No</ISONHOLD>
        <ORDERLINESTATUS>No</ORDERLINESTATUS>
        <VATISAGNSTCANCSALES>No</VATISAGNSTCANCSALES>
        <VATISPURCEXEMPTED>No</VATISPURCEXEMPTED>
        <ISVATRESTAXINVOICE>No</ISVATRESTAXINVOICE>
        <VATISASSESABLECALCVCH>No</VATISASSESABLECALCVCH>
        <ISVATDUTYPAID>Yes</ISVATDUTYPAID>
        <ISDELIVERYSAMEASCONSIGNEE>No</ISDELIVERYSAMEASCONSIGNEE>
        <ISDISPATCHSAMEASCONSIGNOR>No</ISDISPATCHSAMEASCONSIGNOR>
        <ISDELETED>No</ISDELETED>
        <CHANGEVCHMODE>No</CHANGEVCHMODE>
        <EXCLUDEDTAXATIONS.LIST> </EXCLUDEDTAXATIONS.LIST>
        <OLDAUDITENTRIES.LIST> </OLDAUDITENTRIES.LIST>
        <ACCOUNTAUDITENTRIES.LIST> </ACCOUNTAUDITENTRIES.LIST>
        <AUDITENTRIES.LIST> </AUDITENTRIES.LIST>
        <DUTYHEADDETAILS.LIST> </DUTYHEADDETAILS.LIST>
        <SUPPLEMENTARYDUTYHEADDETAILS.LIST> </SUPPLEMENTARYDUTYHEADDETAILS.LIST>
        <EWAYBILLDETAILS.LIST> </EWAYBILLDETAILS.LIST>
        <INVOICEDELNOTES.LIST> </INVOICEDELNOTES.LIST>
        <INVOICEORDERLIST.LIST> </INVOICEORDERLIST.LIST>
        <INVOICEINDENTLIST.LIST> </INVOICEINDENTLIST.LIST>
        <ATTENDANCEENTRIES.LIST> </ATTENDANCEENTRIES.LIST>
        <ORIGINVOICEDETAILS.LIST> </ORIGINVOICEDETAILS.LIST>
        <INVOICEEXPORTLIST.LIST> </INVOICEEXPORTLIST.LIST>
        <ALLLEDGERENTRIES.LIST>
            <OLDAUDITENTRYIDS.LIST TYPE="Number">
                <OLDAUDITENTRYIDS>-1</OLDAUDITENTRYIDS>
            </OLDAUDITENTRYIDS.LIST>
            <LEDGERNAME>NIVA CONSTRUCTION</LEDGERNAME>
            <GSTCLASS/>
            <ISDEEMEDPOSITIVE>No</ISDEEMEDPOSITIVE>
            <LEDGERFROMITEM>No</LEDGERFROMITEM>
            <REMOVEZEROENTRIES>No</REMOVEZEROENTRIES>
            <ISPARTYLEDGER>Yes</ISPARTYLEDGER>
            <ISLASTDEEMEDPOSITIVE>No</ISLASTDEEMEDPOSITIVE>
            <ISCAPVATTAXALTERED>No</ISCAPVATTAXALTERED>
            <ISCAPVATNOTCLAIMED>No</ISCAPVATNOTCLAIMED>
            <AMOUNT>950.00</AMOUNT>
            <SERVICETAXDETAILS.LIST> </SERVICETAXDETAILS.LIST>
            <BANKALLOCATIONS.LIST> </BANKALLOCATIONS.LIST><BILLALLOCATIONS.LIST>
                    <NAME>EST/QTN-0069/24-25</NAME>
                    <BILLTYPE>New Ref</BILLTYPE>
                    <TDSDEDUCTEEISSPECIALRATE>No</TDSDEDUCTEEISSPECIALRATE>
                    <AMOUNT>950.00</AMOUNT>
                    <INTERESTCOLLECTION.LIST> </INTERESTCOLLECTION.LIST>
                    <STBILLCATEGORIES.LIST> </STBILLCATEGORIES.LIST>
                </BILLALLOCATIONS.LIST><INTERESTCOLLECTION.LIST> </INTERESTCOLLECTION.LIST>
            <OLDAUDITENTRIES.LIST> </OLDAUDITENTRIES.LIST>
            <ACCOUNTAUDITENTRIES.LIST> </ACCOUNTAUDITENTRIES.LIST>
            <AUDITENTRIES.LIST> </AUDITENTRIES.LIST>
            <INPUTCRALLOCS.LIST> </INPUTCRALLOCS.LIST>
            <DUTYHEADDETAILS.LIST> </DUTYHEADDETAILS.LIST>
            <EXCISEDUTYHEADDETAILS.LIST> </EXCISEDUTYHEADDETAILS.LIST>
            <RATEDETAILS.LIST> </RATEDETAILS.LIST>
            <SUMMARYALLOCS.LIST> </SUMMARYALLOCS.LIST>
            <STPYMTDETAILS.LIST> </STPYMTDETAILS.LIST>
            <EXCISEPAYMENTALLOCATIONS.LIST> </EXCISEPAYMENTALLOCATIONS.LIST>
            <TAXBILLALLOCATIONS.LIST> </TAXBILLALLOCATIONS.LIST>
            <TAXOBJECTALLOCATIONS.LIST> </TAXOBJECTALLOCATIONS.LIST>
            <TDSEXPENSEALLOCATIONS.LIST> </TDSEXPENSEALLOCATIONS.LIST>
            <VATSTATUTORYDETAILS.LIST> </VATSTATUTORYDETAILS.LIST>
            <COSTTRACKALLOCATIONS.LIST> </COSTTRACKALLOCATIONS.LIST>
            <REFVOUCHERDETAILS.LIST> </REFVOUCHERDETAILS.LIST>
            <INVOICEWISEDETAILS.LIST> </INVOICEWISEDETAILS.LIST>
            <VATITCDETAILS.LIST> </VATITCDETAILS.LIST>
            <ADVANCETAXDETAILS.LIST> </ADVANCETAXDETAILS.LIST>
        </ALLLEDGERENTRIES.LIST>
        <ALLLEDGERENTRIES.LIST>
            <OLDAUDITENTRYIDS.LIST TYPE="Number">
                <OLDAUDITENTRYIDS>-1</OLDAUDITENTRYIDS>
            </OLDAUDITENTRYIDS.LIST>
            <LEDGERNAME>CASH</LEDGERNAME>
            <GSTCLASS/>
            <ISDEEMEDPOSITIVE>Yes</ISDEEMEDPOSITIVE>
            <LEDGERFROMITEM>No</LEDGERFROMITEM>
            <REMOVEZEROENTRIES>No</REMOVEZEROENTRIES>
            <ISPARTYLEDGER>Yes</ISPARTYLEDGER>
            <ISLASTDEEMEDPOSITIVE>Yes</ISLASTDEEMEDPOSITIVE>
            <ISCAPVATTAXALTERED>No</ISCAPVATTAXALTERED>
            <ISCAPVATNOTCLAIMED>No</ISCAPVATNOTCLAIMED>
            <AMOUNT>-950.00</AMOUNT>
            <SERVICETAXDETAILS.LIST> </SERVICETAXDETAILS.LIST>
            <BANKALLOCATIONS.LIST>
                <DATE>20241029</DATE>
                <INSTRUMENTDATE>19700101</INSTRUMENTDATE>
                <NAME>39f49c29-7374-4ca6-a2a0-99aec38cfb3d</NAME>
                <TRANSACTIONTYPE>Cash</TRANSACTIONTYPE>
                <BANKNAME/>
                <PAYMENTFAVOURING>NIVA CONSTRUCTION</PAYMENTFAVOURING>
                <INSTRUMENTNUMBER/>
                <UNIQUEREFERENCENUMBER>4zitgHwboqzte2Bc</UNIQUEREFERENCENUMBER>
                <STATUS>No</STATUS>
                <PAYMENTMODE>Transacted</PAYMENTMODE>
                <BANKPARTYNAME>NIVA CONSTRUCTION</BANKPARTYNAME>
                <ISCONNECTEDPAYMENT>No</ISCONNECTEDPAYMENT>
                <ISSPLIT>No</ISSPLIT>
                <ISCONTRACTUSED>No</ISCONTRACTUSED>
                <ISACCEPTEDWITHWARNING>No</ISACCEPTEDWITHWARNING>
                <ISTRANSFORCED>No</ISTRANSFORCED>
                <CHEQUEPRINTED> 1</CHEQUEPRINTED>
                <AMOUNT>-950.00</AMOUNT>
                <CONTRACTDETAILS.LIST> </CONTRACTDETAILS.LIST>
                <BANKSTATUSINFO.LIST> </BANKSTATUSINFO.LIST>
            </BANKALLOCATIONS.LIST>
            <BILLALLOCATIONS.LIST> </BILLALLOCATIONS.LIST>
            <INTERESTCOLLECTION.LIST> </INTERESTCOLLECTION.LIST>
            <OLDAUDITENTRIES.LIST> </OLDAUDITENTRIES.LIST>
            <ACCOUNTAUDITENTRIES.LIST> </ACCOUNTAUDITENTRIES.LIST>
            <AUDITENTRIES.LIST> </AUDITENTRIES.LIST>
            <INPUTCRALLOCS.LIST> </INPUTCRALLOCS.LIST>
            <DUTYHEADDETAILS.LIST> </DUTYHEADDETAILS.LIST>
            <EXCISEDUTYHEADDETAILS.LIST> </EXCISEDUTYHEADDETAILS.LIST>
            <RATEDETAILS.LIST> </RATEDETAILS.LIST>
            <SUMMARYALLOCS.LIST> </SUMMARYALLOCS.LIST>
            <STPYMTDETAILS.LIST> </STPYMTDETAILS.LIST>
            <EXCISEPAYMENTALLOCATIONS.LIST> </EXCISEPAYMENTALLOCATIONS.LIST>
            <TAXBILLALLOCATIONS.LIST> </TAXBILLALLOCATIONS.LIST>
            <TAXOBJECTALLOCATIONS.LIST> </TAXOBJECTALLOCATIONS.LIST>
            <TDSEXPENSEALLOCATIONS.LIST> </TDSEXPENSEALLOCATIONS.LIST>
            <VATSTATUTORYDETAILS.LIST> </VATSTATUTORYDETAILS.LIST>
            <COSTTRACKALLOCATIONS.LIST> </COSTTRACKALLOCATIONS.LIST>
            <REFVOUCHERDETAILS.LIST> </REFVOUCHERDETAILS.LIST>
            <INVOICEWISEDETAILS.LIST> </INVOICEWISEDETAILS.LIST>
            <VATITCDETAILS.LIST> </VATITCDETAILS.LIST>
            <ADVANCETAXDETAILS.LIST> </ADVANCETAXDETAILS.LIST>
        </ALLLEDGERENTRIES.LIST>
        <PAYROLLMODEOFPAYMENT.LIST> </PAYROLLMODEOFPAYMENT.LIST>
        <ATTDRECORDS.LIST> </ATTDRECORDS.LIST>
        <GSTEWAYCONSIGNORADDRESS.LIST> </GSTEWAYCONSIGNORADDRESS.LIST>
        <GSTEWAYCONSIGNEEADDRESS.LIST> </GSTEWAYCONSIGNEEADDRESS.LIST>
        <TEMPGSTRATEDETAILS.LIST> </TEMPGSTRATEDETAILS.LIST></VOUCHER>
</TALLYMESSAGE><TALLYMESSAGE xmlns:UDF="TallyUDF">
    <VOUCHER VCHTYPE="Receipt" ACTION="Create" OBJVIEW="Accounting Voucher View">
        <OLDAUDITENTRYIDS.LIST TYPE="Number">
            <OLDAUDITENTRYIDS>-1</OLDAUDITENTRYIDS>
        </OLDAUDITENTRYIDS.LIST>
        <DATE>20241029</DATE>
        <GUID>fb0a08e7-3fca-4e96-8926-f090dfb9c8ae-00000287</GUID>
        <VOUCHERTYPENAME>Receipt</VOUCHERTYPENAME>
        <PARTYLEDGERNAME>CASH SALES</PARTYLEDGERNAME>
        <CSTFORMISSUETYPE/>
        <CSTFORMRECVTYPE/>
        <FBTPAYMENTTYPE>Default</FBTPAYMENTTYPE>
        <PERSISTEDVIEW>Accounting Voucher View</PERSISTEDVIEW>
        <VCHGSTCLASS/>
        <DIFFACTUALQTY>No</DIFFACTUALQTY>
        <ISMSTFROMSYNC>No</ISMSTFROMSYNC>
        <ASORIGINAL>No</ASORIGINAL>
        <AUDITED>No</AUDITED>
        <FORJOBCOSTING>No</FORJOBCOSTING>
        <ISOPTIONAL>No</ISOPTIONAL>
        <USEFOREXCISE>No</USEFOREXCISE>
        <ISFORJOBWORKIN>No</ISFORJOBWORKIN>
        <ALLOWCONSUMPTION>No</ALLOWCONSUMPTION>
        <USEFORINTEREST>No</USEFORINTEREST>
        <USEFORGAINLOSS>No</USEFORGAINLOSS>
        <USEFORGODOWNTRANSFER>No</USEFORGODOWNTRANSFER>
        <USEFORCOMPOUND>No</USEFORCOMPOUND>
        <USEFORSERVICETAX>No</USEFORSERVICETAX>
        <ISEXCISEVOUCHER>No</ISEXCISEVOUCHER>
        <EXCISETAXOVERRIDE>No</EXCISETAXOVERRIDE>
        <USEFORTAXUNITTRANSFER>No</USEFORTAXUNITTRANSFER>
        <IGNOREPOSVALIDATION>No</IGNOREPOSVALIDATION>
        <EXCISEOPENING>No</EXCISEOPENING>
        <USEFORFINALPRODUCTION>No</USEFORFINALPRODUCTION>
        <ISTDSOVERRIDDEN>No</ISTDSOVERRIDDEN>
        <ISTCSOVERRIDDEN>No</ISTCSOVERRIDDEN>
        <ISTDSTCSCASHVCH>No</ISTDSTCSCASHVCH>
        <INCLUDEADVPYMTVCH>No</INCLUDEADVPYMTVCH>
        <ISSUBWORKSCONTRACT>No</ISSUBWORKSCONTRACT>
        <ISVATOVERRIDDEN>No</ISVATOVERRIDDEN>
        <IGNOREORIGVCHDATE>No</IGNOREORIGVCHDATE>
        <ISVATPAIDATCUSTOMS>No</ISVATPAIDATCUSTOMS>
        <ISDECLAREDTOCUSTOMS>No</ISDECLAREDTOCUSTOMS>
        <ISSERVICETAXOVERRIDDEN>No</ISSERVICETAXOVERRIDDEN>
        <ISISDVOUCHER>No</ISISDVOUCHER>
        <ISEXCISEOVERRIDDEN>No</ISEXCISEOVERRIDDEN>
        <ISEXCISESUPPLYVCH>No</ISEXCISESUPPLYVCH>
        <ISGSTOVERRIDDEN>No</ISGSTOVERRIDDEN>
        <GSTNOTEXPORTED>No</GSTNOTEXPORTED>
        <IGNOREGSTINVALIDATION>No</IGNOREGSTINVALIDATION>
        <ISVATPRINCIPALACCOUNT>No</ISVATPRINCIPALACCOUNT>
        <ISBOENOTAPPLICABLE>No</ISBOENOTAPPLICABLE>
        <ISSHIPPINGWITHINSTATE>No</ISSHIPPINGWITHINSTATE>
        <ISOVERSEASTOURISTTRANS>No</ISOVERSEASTOURISTTRANS>
        <ISDESIGNATEDZONEPARTY>No</ISDESIGNATEDZONEPARTY>
        <ISCANCELLED>No</ISCANCELLED>
        <HASCASHFLOW>Yes</HASCASHFLOW>
        <ISPOSTDATED>No</ISPOSTDATED>
        <USETRACKINGNUMBER>No</USETRACKINGNUMBER>
        <ISINVOICE>No</ISINVOICE>
        <MFGJOURNAL>No</MFGJOURNAL>
        <HASDISCOUNTS>No</HASDISCOUNTS>
        <ASPAYSLIP>No</ASPAYSLIP>
        <ISCOSTCENTRE>No</ISCOSTCENTRE>
        <ISSTXNONREALIZEDVCH>No</ISSTXNONREALIZEDVCH>
        <ISEXCISEMANUFACTURERON>No</ISEXCISEMANUFACTURERON>
        <ISBLANKCHEQUE>No</ISBLANKCHEQUE>
        <ISVOID>No</ISVOID>
        <ISONHOLD>No</ISONHOLD>
        <ORDERLINESTATUS>No</ORDERLINESTATUS>
        <VATISAGNSTCANCSALES>No</VATISAGNSTCANCSALES>
        <VATISPURCEXEMPTED>No</VATISPURCEXEMPTED>
        <ISVATRESTAXINVOICE>No</ISVATRESTAXINVOICE>
        <VATISASSESABLECALCVCH>No</VATISASSESABLECALCVCH>
        <ISVATDUTYPAID>Yes</ISVATDUTYPAID>
        <ISDELIVERYSAMEASCONSIGNEE>No</ISDELIVERYSAMEASCONSIGNEE>
        <ISDISPATCHSAMEASCONSIGNOR>No</ISDISPATCHSAMEASCONSIGNOR>
        <ISDELETED>No</ISDELETED>
        <CHANGEVCHMODE>No</CHANGEVCHMODE>
        <EXCLUDEDTAXATIONS.LIST> </EXCLUDEDTAXATIONS.LIST>
        <OLDAUDITENTRIES.LIST> </OLDAUDITENTRIES.LIST>
        <ACCOUNTAUDITENTRIES.LIST> </ACCOUNTAUDITENTRIES.LIST>
        <AUDITENTRIES.LIST> </AUDITENTRIES.LIST>
        <DUTYHEADDETAILS.LIST> </DUTYHEADDETAILS.LIST>
        <SUPPLEMENTARYDUTYHEADDETAILS.LIST> </SUPPLEMENTARYDUTYHEADDETAILS.LIST>
        <EWAYBILLDETAILS.LIST> </EWAYBILLDETAILS.LIST>
        <INVOICEDELNOTES.LIST> </INVOICEDELNOTES.LIST>
        <INVOICEORDERLIST.LIST> </INVOICEORDERLIST.LIST>
        <INVOICEINDENTLIST.LIST> </INVOICEINDENTLIST.LIST>
        <ATTENDANCEENTRIES.LIST> </ATTENDANCEENTRIES.LIST>
        <ORIGINVOICEDETAILS.LIST> </ORIGINVOICEDETAILS.LIST>
        <INVOICEEXPORTLIST.LIST> </INVOICEEXPORTLIST.LIST>
        <ALLLEDGERENTRIES.LIST>
            <OLDAUDITENTRYIDS.LIST TYPE="Number">
                <OLDAUDITENTRYIDS>-1</OLDAUDITENTRYIDS>
            </OLDAUDITENTRYIDS.LIST>
            <LEDGERNAME>CASH SALES</LEDGERNAME>
            <GSTCLASS/>
            <ISDEEMEDPOSITIVE>No</ISDEEMEDPOSITIVE>
            <LEDGERFROMITEM>No</LEDGERFROMITEM>
            <REMOVEZEROENTRIES>No</REMOVEZEROENTRIES>
            <ISPARTYLEDGER>Yes</ISPARTYLEDGER>
            <ISLASTDEEMEDPOSITIVE>No</ISLASTDEEMEDPOSITIVE>
            <ISCAPVATTAXALTERED>No</ISCAPVATTAXALTERED>
            <ISCAPVATNOTCLAIMED>No</ISCAPVATNOTCLAIMED>
            <AMOUNT>180.00</AMOUNT>
            <SERVICETAXDETAILS.LIST> </SERVICETAXDETAILS.LIST>
            <BANKALLOCATIONS.LIST> </BANKALLOCATIONS.LIST><BILLALLOCATIONS.LIST>
                    <NAME>EST/QTN-0070/24-25</NAME>
                    <BILLTYPE>New Ref</BILLTYPE>
                    <TDSDEDUCTEEISSPECIALRATE>No</TDSDEDUCTEEISSPECIALRATE>
                    <AMOUNT>180.00</AMOUNT>
                    <INTERESTCOLLECTION.LIST> </INTERESTCOLLECTION.LIST>
                    <STBILLCATEGORIES.LIST> </STBILLCATEGORIES.LIST>
                </BILLALLOCATIONS.LIST><INTERESTCOLLECTION.LIST> </INTERESTCOLLECTION.LIST>
            <OLDAUDITENTRIES.LIST> </OLDAUDITENTRIES.LIST>
            <ACCOUNTAUDITENTRIES.LIST> </ACCOUNTAUDITENTRIES.LIST>
            <AUDITENTRIES.LIST> </AUDITENTRIES.LIST>
            <INPUTCRALLOCS.LIST> </INPUTCRALLOCS.LIST>
            <DUTYHEADDETAILS.LIST> </DUTYHEADDETAILS.LIST>
            <EXCISEDUTYHEADDETAILS.LIST> </EXCISEDUTYHEADDETAILS.LIST>
            <RATEDETAILS.LIST> </RATEDETAILS.LIST>
            <SUMMARYALLOCS.LIST> </SUMMARYALLOCS.LIST>
            <STPYMTDETAILS.LIST> </STPYMTDETAILS.LIST>
            <EXCISEPAYMENTALLOCATIONS.LIST> </EXCISEPAYMENTALLOCATIONS.LIST>
            <TAXBILLALLOCATIONS.LIST> </TAXBILLALLOCATIONS.LIST>
            <TAXOBJECTALLOCATIONS.LIST> </TAXOBJECTALLOCATIONS.LIST>
            <TDSEXPENSEALLOCATIONS.LIST> </TDSEXPENSEALLOCATIONS.LIST>
            <VATSTATUTORYDETAILS.LIST> </VATSTATUTORYDETAILS.LIST>
            <COSTTRACKALLOCATIONS.LIST> </COSTTRACKALLOCATIONS.LIST>
            <REFVOUCHERDETAILS.LIST> </REFVOUCHERDETAILS.LIST>
            <INVOICEWISEDETAILS.LIST> </INVOICEWISEDETAILS.LIST>
            <VATITCDETAILS.LIST> </VATITCDETAILS.LIST>
            <ADVANCETAXDETAILS.LIST> </ADVANCETAXDETAILS.LIST>
        </ALLLEDGERENTRIES.LIST>
        <ALLLEDGERENTRIES.LIST>
            <OLDAUDITENTRYIDS.LIST TYPE="Number">
                <OLDAUDITENTRYIDS>-1</OLDAUDITENTRYIDS>
            </OLDAUDITENTRYIDS.LIST>
            <LEDGERNAME>CASH</LEDGERNAME>
            <GSTCLASS/>
            <ISDEEMEDPOSITIVE>Yes</ISDEEMEDPOSITIVE>
            <LEDGERFROMITEM>No</LEDGERFROMITEM>
            <REMOVEZEROENTRIES>No</REMOVEZEROENTRIES>
            <ISPARTYLEDGER>Yes</ISPARTYLEDGER>
            <ISLASTDEEMEDPOSITIVE>Yes</ISLASTDEEMEDPOSITIVE>
            <ISCAPVATTAXALTERED>No</ISCAPVATTAXALTERED>
            <ISCAPVATNOTCLAIMED>No</ISCAPVATNOTCLAIMED>
            <AMOUNT>-180.00</AMOUNT>
            <SERVICETAXDETAILS.LIST> </SERVICETAXDETAILS.LIST>
            <BANKALLOCATIONS.LIST>
                <DATE>20241029</DATE>
                <INSTRUMENTDATE>19700101</INSTRUMENTDATE>
                <NAME>39f49c29-7374-4ca6-a2a0-99aec38cfb3d</NAME>
                <TRANSACTIONTYPE>Cash</TRANSACTIONTYPE>
                <BANKNAME/>
                <PAYMENTFAVOURING>CASH SALES</PAYMENTFAVOURING>
                <INSTRUMENTNUMBER/>
                <UNIQUEREFERENCENUMBER>4zitgHwboqzte2Bc</UNIQUEREFERENCENUMBER>
                <STATUS>No</STATUS>
                <PAYMENTMODE>Transacted</PAYMENTMODE>
                <BANKPARTYNAME>CASH SALES</BANKPARTYNAME>
                <ISCONNECTEDPAYMENT>No</ISCONNECTEDPAYMENT>
                <ISSPLIT>No</ISSPLIT>
                <ISCONTRACTUSED>No</ISCONTRACTUSED>
                <ISACCEPTEDWITHWARNING>No</ISACCEPTEDWITHWARNING>
                <ISTRANSFORCED>No</ISTRANSFORCED>
                <CHEQUEPRINTED> 1</CHEQUEPRINTED>
                <AMOUNT>-180.00</AMOUNT>
                <CONTRACTDETAILS.LIST> </CONTRACTDETAILS.LIST>
                <BANKSTATUSINFO.LIST> </BANKSTATUSINFO.LIST>
            </BANKALLOCATIONS.LIST>
            <BILLALLOCATIONS.LIST> </BILLALLOCATIONS.LIST>
            <INTERESTCOLLECTION.LIST> </INTERESTCOLLECTION.LIST>
            <OLDAUDITENTRIES.LIST> </OLDAUDITENTRIES.LIST>
            <ACCOUNTAUDITENTRIES.LIST> </ACCOUNTAUDITENTRIES.LIST>
            <AUDITENTRIES.LIST> </AUDITENTRIES.LIST>
            <INPUTCRALLOCS.LIST> </INPUTCRALLOCS.LIST>
            <DUTYHEADDETAILS.LIST> </DUTYHEADDETAILS.LIST>
            <EXCISEDUTYHEADDETAILS.LIST> </EXCISEDUTYHEADDETAILS.LIST>
            <RATEDETAILS.LIST> </RATEDETAILS.LIST>
            <SUMMARYALLOCS.LIST> </SUMMARYALLOCS.LIST>
            <STPYMTDETAILS.LIST> </STPYMTDETAILS.LIST>
            <EXCISEPAYMENTALLOCATIONS.LIST> </EXCISEPAYMENTALLOCATIONS.LIST>
            <TAXBILLALLOCATIONS.LIST> </TAXBILLALLOCATIONS.LIST>
            <TAXOBJECTALLOCATIONS.LIST> </TAXOBJECTALLOCATIONS.LIST>
            <TDSEXPENSEALLOCATIONS.LIST> </TDSEXPENSEALLOCATIONS.LIST>
            <VATSTATUTORYDETAILS.LIST> </VATSTATUTORYDETAILS.LIST>
            <COSTTRACKALLOCATIONS.LIST> </COSTTRACKALLOCATIONS.LIST>
            <REFVOUCHERDETAILS.LIST> </REFVOUCHERDETAILS.LIST>
            <INVOICEWISEDETAILS.LIST> </INVOICEWISEDETAILS.LIST>
            <VATITCDETAILS.LIST> </VATITCDETAILS.LIST>
            <ADVANCETAXDETAILS.LIST> </ADVANCETAXDETAILS.LIST>
        </ALLLEDGERENTRIES.LIST>
        <PAYROLLMODEOFPAYMENT.LIST> </PAYROLLMODEOFPAYMENT.LIST>
        <ATTDRECORDS.LIST> </ATTDRECORDS.LIST>
        <GSTEWAYCONSIGNORADDRESS.LIST> </GSTEWAYCONSIGNORADDRESS.LIST>
        <GSTEWAYCONSIGNEEADDRESS.LIST> </GSTEWAYCONSIGNEEADDRESS.LIST>
        <TEMPGSTRATEDETAILS.LIST> </TEMPGSTRATEDETAILS.LIST></VOUCHER>
</TALLYMESSAGE><TALLYMESSAGE xmlns:UDF="TallyUDF">
    <VOUCHER VCHTYPE="Receipt" ACTION="Create" OBJVIEW="Accounting Voucher View">
        <OLDAUDITENTRYIDS.LIST TYPE="Number">
            <OLDAUDITENTRYIDS>-1</OLDAUDITENTRYIDS>
        </OLDAUDITENTRYIDS.LIST>
        <DATE>20241029</DATE>
        <GUID>fb0a08e7-3fca-4e96-8926-f090dfb9c8ae-00000287</GUID>
        <VOUCHERTYPENAME>Receipt</VOUCHERTYPENAME>
        <PARTYLEDGERNAME>CASH SALES</PARTYLEDGERNAME>
        <CSTFORMISSUETYPE/>
        <CSTFORMRECVTYPE/>
        <FBTPAYMENTTYPE>Default</FBTPAYMENTTYPE>
        <PERSISTEDVIEW>Accounting Voucher View</PERSISTEDVIEW>
        <VCHGSTCLASS/>
        <DIFFACTUALQTY>No</DIFFACTUALQTY>
        <ISMSTFROMSYNC>No</ISMSTFROMSYNC>
        <ASORIGINAL>No</ASORIGINAL>
        <AUDITED>No</AUDITED>
        <FORJOBCOSTING>No</FORJOBCOSTING>
        <ISOPTIONAL>No</ISOPTIONAL>
        <USEFOREXCISE>No</USEFOREXCISE>
        <ISFORJOBWORKIN>No</ISFORJOBWORKIN>
        <ALLOWCONSUMPTION>No</ALLOWCONSUMPTION>
        <USEFORINTEREST>No</USEFORINTEREST>
        <USEFORGAINLOSS>No</USEFORGAINLOSS>
        <USEFORGODOWNTRANSFER>No</USEFORGODOWNTRANSFER>
        <USEFORCOMPOUND>No</USEFORCOMPOUND>
        <USEFORSERVICETAX>No</USEFORSERVICETAX>
        <ISEXCISEVOUCHER>No</ISEXCISEVOUCHER>
        <EXCISETAXOVERRIDE>No</EXCISETAXOVERRIDE>
        <USEFORTAXUNITTRANSFER>No</USEFORTAXUNITTRANSFER>
        <IGNOREPOSVALIDATION>No</IGNOREPOSVALIDATION>
        <EXCISEOPENING>No</EXCISEOPENING>
        <USEFORFINALPRODUCTION>No</USEFORFINALPRODUCTION>
        <ISTDSOVERRIDDEN>No</ISTDSOVERRIDDEN>
        <ISTCSOVERRIDDEN>No</ISTCSOVERRIDDEN>
        <ISTDSTCSCASHVCH>No</ISTDSTCSCASHVCH>
        <INCLUDEADVPYMTVCH>No</INCLUDEADVPYMTVCH>
        <ISSUBWORKSCONTRACT>No</ISSUBWORKSCONTRACT>
        <ISVATOVERRIDDEN>No</ISVATOVERRIDDEN>
        <IGNOREORIGVCHDATE>No</IGNOREORIGVCHDATE>
        <ISVATPAIDATCUSTOMS>No</ISVATPAIDATCUSTOMS>
        <ISDECLAREDTOCUSTOMS>No</ISDECLAREDTOCUSTOMS>
        <ISSERVICETAXOVERRIDDEN>No</ISSERVICETAXOVERRIDDEN>
        <ISISDVOUCHER>No</ISISDVOUCHER>
        <ISEXCISEOVERRIDDEN>No</ISEXCISEOVERRIDDEN>
        <ISEXCISESUPPLYVCH>No</ISEXCISESUPPLYVCH>
        <ISGSTOVERRIDDEN>No</ISGSTOVERRIDDEN>
        <GSTNOTEXPORTED>No</GSTNOTEXPORTED>
        <IGNOREGSTINVALIDATION>No</IGNOREGSTINVALIDATION>
        <ISVATPRINCIPALACCOUNT>No</ISVATPRINCIPALACCOUNT>
        <ISBOENOTAPPLICABLE>No</ISBOENOTAPPLICABLE>
        <ISSHIPPINGWITHINSTATE>No</ISSHIPPINGWITHINSTATE>
        <ISOVERSEASTOURISTTRANS>No</ISOVERSEASTOURISTTRANS>
        <ISDESIGNATEDZONEPARTY>No</ISDESIGNATEDZONEPARTY>
        <ISCANCELLED>No</ISCANCELLED>
        <HASCASHFLOW>Yes</HASCASHFLOW>
        <ISPOSTDATED>No</ISPOSTDATED>
        <USETRACKINGNUMBER>No</USETRACKINGNUMBER>
        <ISINVOICE>No</ISINVOICE>
        <MFGJOURNAL>No</MFGJOURNAL>
        <HASDISCOUNTS>No</HASDISCOUNTS>
        <ASPAYSLIP>No</ASPAYSLIP>
        <ISCOSTCENTRE>No</ISCOSTCENTRE>
        <ISSTXNONREALIZEDVCH>No</ISSTXNONREALIZEDVCH>
        <ISEXCISEMANUFACTURERON>No</ISEXCISEMANUFACTURERON>
        <ISBLANKCHEQUE>No</ISBLANKCHEQUE>
        <ISVOID>No</ISVOID>
        <ISONHOLD>No</ISONHOLD>
        <ORDERLINESTATUS>No</ORDERLINESTATUS>
        <VATISAGNSTCANCSALES>No</VATISAGNSTCANCSALES>
        <VATISPURCEXEMPTED>No</VATISPURCEXEMPTED>
        <ISVATRESTAXINVOICE>No</ISVATRESTAXINVOICE>
        <VATISASSESABLECALCVCH>No</VATISASSESABLECALCVCH>
        <ISVATDUTYPAID>Yes</ISVATDUTYPAID>
        <ISDELIVERYSAMEASCONSIGNEE>No</ISDELIVERYSAMEASCONSIGNEE>
        <ISDISPATCHSAMEASCONSIGNOR>No</ISDISPATCHSAMEASCONSIGNOR>
        <ISDELETED>No</ISDELETED>
        <CHANGEVCHMODE>No</CHANGEVCHMODE>
        <EXCLUDEDTAXATIONS.LIST> </EXCLUDEDTAXATIONS.LIST>
        <OLDAUDITENTRIES.LIST> </OLDAUDITENTRIES.LIST>
        <ACCOUNTAUDITENTRIES.LIST> </ACCOUNTAUDITENTRIES.LIST>
        <AUDITENTRIES.LIST> </AUDITENTRIES.LIST>
        <DUTYHEADDETAILS.LIST> </DUTYHEADDETAILS.LIST>
        <SUPPLEMENTARYDUTYHEADDETAILS.LIST> </SUPPLEMENTARYDUTYHEADDETAILS.LIST>
        <EWAYBILLDETAILS.LIST> </EWAYBILLDETAILS.LIST>
        <INVOICEDELNOTES.LIST> </INVOICEDELNOTES.LIST>
        <INVOICEORDERLIST.LIST> </INVOICEORDERLIST.LIST>
        <INVOICEINDENTLIST.LIST> </INVOICEINDENTLIST.LIST>
        <ATTENDANCEENTRIES.LIST> </ATTENDANCEENTRIES.LIST>
        <ORIGINVOICEDETAILS.LIST> </ORIGINVOICEDETAILS.LIST>
        <INVOICEEXPORTLIST.LIST> </INVOICEEXPORTLIST.LIST>
        <ALLLEDGERENTRIES.LIST>
            <OLDAUDITENTRYIDS.LIST TYPE="Number">
                <OLDAUDITENTRYIDS>-1</OLDAUDITENTRYIDS>
            </OLDAUDITENTRYIDS.LIST>
            <LEDGERNAME>CASH SALES</LEDGERNAME>
            <GSTCLASS/>
            <ISDEEMEDPOSITIVE>No</ISDEEMEDPOSITIVE>
            <LEDGERFROMITEM>No</LEDGERFROMITEM>
            <REMOVEZEROENTRIES>No</REMOVEZEROENTRIES>
            <ISPARTYLEDGER>Yes</ISPARTYLEDGER>
            <ISLASTDEEMEDPOSITIVE>No</ISLASTDEEMEDPOSITIVE>
            <ISCAPVATTAXALTERED>No</ISCAPVATTAXALTERED>
            <ISCAPVATNOTCLAIMED>No</ISCAPVATNOTCLAIMED>
            <AMOUNT>1000.00</AMOUNT>
            <SERVICETAXDETAILS.LIST> </SERVICETAXDETAILS.LIST>
            <BANKALLOCATIONS.LIST> </BANKALLOCATIONS.LIST><BILLALLOCATIONS.LIST>
                    <NAME>EST/QTN-0071/24-25</NAME>
                    <BILLTYPE>New Ref</BILLTYPE>
                    <TDSDEDUCTEEISSPECIALRATE>No</TDSDEDUCTEEISSPECIALRATE>
                    <AMOUNT>1000.00</AMOUNT>
                    <INTERESTCOLLECTION.LIST> </INTERESTCOLLECTION.LIST>
                    <STBILLCATEGORIES.LIST> </STBILLCATEGORIES.LIST>
                </BILLALLOCATIONS.LIST><INTERESTCOLLECTION.LIST> </INTERESTCOLLECTION.LIST>
            <OLDAUDITENTRIES.LIST> </OLDAUDITENTRIES.LIST>
            <ACCOUNTAUDITENTRIES.LIST> </ACCOUNTAUDITENTRIES.LIST>
            <AUDITENTRIES.LIST> </AUDITENTRIES.LIST>
            <INPUTCRALLOCS.LIST> </INPUTCRALLOCS.LIST>
            <DUTYHEADDETAILS.LIST> </DUTYHEADDETAILS.LIST>
            <EXCISEDUTYHEADDETAILS.LIST> </EXCISEDUTYHEADDETAILS.LIST>
            <RATEDETAILS.LIST> </RATEDETAILS.LIST>
            <SUMMARYALLOCS.LIST> </SUMMARYALLOCS.LIST>
            <STPYMTDETAILS.LIST> </STPYMTDETAILS.LIST>
            <EXCISEPAYMENTALLOCATIONS.LIST> </EXCISEPAYMENTALLOCATIONS.LIST>
            <TAXBILLALLOCATIONS.LIST> </TAXBILLALLOCATIONS.LIST>
            <TAXOBJECTALLOCATIONS.LIST> </TAXOBJECTALLOCATIONS.LIST>
            <TDSEXPENSEALLOCATIONS.LIST> </TDSEXPENSEALLOCATIONS.LIST>
            <VATSTATUTORYDETAILS.LIST> </VATSTATUTORYDETAILS.LIST>
            <COSTTRACKALLOCATIONS.LIST> </COSTTRACKALLOCATIONS.LIST>
            <REFVOUCHERDETAILS.LIST> </REFVOUCHERDETAILS.LIST>
            <INVOICEWISEDETAILS.LIST> </INVOICEWISEDETAILS.LIST>
            <VATITCDETAILS.LIST> </VATITCDETAILS.LIST>
            <ADVANCETAXDETAILS.LIST> </ADVANCETAXDETAILS.LIST>
        </ALLLEDGERENTRIES.LIST>
        <ALLLEDGERENTRIES.LIST>
            <OLDAUDITENTRYIDS.LIST TYPE="Number">
                <OLDAUDITENTRYIDS>-1</OLDAUDITENTRYIDS>
            </OLDAUDITENTRYIDS.LIST>
            <LEDGERNAME>CASH</LEDGERNAME>
            <GSTCLASS/>
            <ISDEEMEDPOSITIVE>Yes</ISDEEMEDPOSITIVE>
            <LEDGERFROMITEM>No</LEDGERFROMITEM>
            <REMOVEZEROENTRIES>No</REMOVEZEROENTRIES>
            <ISPARTYLEDGER>Yes</ISPARTYLEDGER>
            <ISLASTDEEMEDPOSITIVE>Yes</ISLASTDEEMEDPOSITIVE>
            <ISCAPVATTAXALTERED>No</ISCAPVATTAXALTERED>
            <ISCAPVATNOTCLAIMED>No</ISCAPVATNOTCLAIMED>
            <AMOUNT>-1000.00</AMOUNT>
            <SERVICETAXDETAILS.LIST> </SERVICETAXDETAILS.LIST>
            <BANKALLOCATIONS.LIST>
                <DATE>20241029</DATE>
                <INSTRUMENTDATE>19700101</INSTRUMENTDATE>
                <NAME>39f49c29-7374-4ca6-a2a0-99aec38cfb3d</NAME>
                <TRANSACTIONTYPE>Cash</TRANSACTIONTYPE>
                <BANKNAME/>
                <PAYMENTFAVOURING>CASH SALES</PAYMENTFAVOURING>
                <INSTRUMENTNUMBER/>
                <UNIQUEREFERENCENUMBER>4zitgHwboqzte2Bc</UNIQUEREFERENCENUMBER>
                <STATUS>No</STATUS>
                <PAYMENTMODE>Transacted</PAYMENTMODE>
                <BANKPARTYNAME>CASH SALES</BANKPARTYNAME>
                <ISCONNECTEDPAYMENT>No</ISCONNECTEDPAYMENT>
                <ISSPLIT>No</ISSPLIT>
                <ISCONTRACTUSED>No</ISCONTRACTUSED>
                <ISACCEPTEDWITHWARNING>No</ISACCEPTEDWITHWARNING>
                <ISTRANSFORCED>No</ISTRANSFORCED>
                <CHEQUEPRINTED> 1</CHEQUEPRINTED>
                <AMOUNT>-1000.00</AMOUNT>
                <CONTRACTDETAILS.LIST> </CONTRACTDETAILS.LIST>
                <BANKSTATUSINFO.LIST> </BANKSTATUSINFO.LIST>
            </BANKALLOCATIONS.LIST>
            <BILLALLOCATIONS.LIST> </BILLALLOCATIONS.LIST>
            <INTERESTCOLLECTION.LIST> </INTERESTCOLLECTION.LIST>
            <OLDAUDITENTRIES.LIST> </OLDAUDITENTRIES.LIST>
            <ACCOUNTAUDITENTRIES.LIST> </ACCOUNTAUDITENTRIES.LIST>
            <AUDITENTRIES.LIST> </AUDITENTRIES.LIST>
            <INPUTCRALLOCS.LIST> </INPUTCRALLOCS.LIST>
            <DUTYHEADDETAILS.LIST> </DUTYHEADDETAILS.LIST>
            <EXCISEDUTYHEADDETAILS.LIST> </EXCISEDUTYHEADDETAILS.LIST>
            <RATEDETAILS.LIST> </RATEDETAILS.LIST>
            <SUMMARYALLOCS.LIST> </SUMMARYALLOCS.LIST>
            <STPYMTDETAILS.LIST> </STPYMTDETAILS.LIST>
            <EXCISEPAYMENTALLOCATIONS.LIST> </EXCISEPAYMENTALLOCATIONS.LIST>
            <TAXBILLALLOCATIONS.LIST> </TAXBILLALLOCATIONS.LIST>
            <TAXOBJECTALLOCATIONS.LIST> </TAXOBJECTALLOCATIONS.LIST>
            <TDSEXPENSEALLOCATIONS.LIST> </TDSEXPENSEALLOCATIONS.LIST>
            <VATSTATUTORYDETAILS.LIST> </VATSTATUTORYDETAILS.LIST>
            <COSTTRACKALLOCATIONS.LIST> </COSTTRACKALLOCATIONS.LIST>
            <REFVOUCHERDETAILS.LIST> </REFVOUCHERDETAILS.LIST>
            <INVOICEWISEDETAILS.LIST> </INVOICEWISEDETAILS.LIST>
            <VATITCDETAILS.LIST> </VATITCDETAILS.LIST>
            <ADVANCETAXDETAILS.LIST> </ADVANCETAXDETAILS.LIST>
        </ALLLEDGERENTRIES.LIST>
        <PAYROLLMODEOFPAYMENT.LIST> </PAYROLLMODEOFPAYMENT.LIST>
        <ATTDRECORDS.LIST> </ATTDRECORDS.LIST>
        <GSTEWAYCONSIGNORADDRESS.LIST> </GSTEWAYCONSIGNORADDRESS.LIST>
        <GSTEWAYCONSIGNEEADDRESS.LIST> </GSTEWAYCONSIGNEEADDRESS.LIST>
        <TEMPGSTRATEDETAILS.LIST> </TEMPGSTRATEDETAILS.LIST></VOUCHER>
</TALLYMESSAGE><TALLYMESSAGE xmlns:UDF="TallyUDF">
    <VOUCHER VCHTYPE="Receipt" ACTION="Create" OBJVIEW="Accounting Voucher View">
        <OLDAUDITENTRYIDS.LIST TYPE="Number">
            <OLDAUDITENTRYIDS>-1</OLDAUDITENTRYIDS>
        </OLDAUDITENTRYIDS.LIST>
        <DATE>20241029</DATE>
        <GUID>fb0a08e7-3fca-4e96-8926-f090dfb9c8ae-00000287</GUID>
        <VOUCHERTYPENAME>Receipt</VOUCHERTYPENAME>
        <PARTYLEDGERNAME>CASH SALES</PARTYLEDGERNAME>
        <CSTFORMISSUETYPE/>
        <CSTFORMRECVTYPE/>
        <FBTPAYMENTTYPE>Default</FBTPAYMENTTYPE>
        <PERSISTEDVIEW>Accounting Voucher View</PERSISTEDVIEW>
        <VCHGSTCLASS/>
        <DIFFACTUALQTY>No</DIFFACTUALQTY>
        <ISMSTFROMSYNC>No</ISMSTFROMSYNC>
        <ASORIGINAL>No</ASORIGINAL>
        <AUDITED>No</AUDITED>
        <FORJOBCOSTING>No</FORJOBCOSTING>
        <ISOPTIONAL>No</ISOPTIONAL>
        <USEFOREXCISE>No</USEFOREXCISE>
        <ISFORJOBWORKIN>No</ISFORJOBWORKIN>
        <ALLOWCONSUMPTION>No</ALLOWCONSUMPTION>
        <USEFORINTEREST>No</USEFORINTEREST>
        <USEFORGAINLOSS>No</USEFORGAINLOSS>
        <USEFORGODOWNTRANSFER>No</USEFORGODOWNTRANSFER>
        <USEFORCOMPOUND>No</USEFORCOMPOUND>
        <USEFORSERVICETAX>No</USEFORSERVICETAX>
        <ISEXCISEVOUCHER>No</ISEXCISEVOUCHER>
        <EXCISETAXOVERRIDE>No</EXCISETAXOVERRIDE>
        <USEFORTAXUNITTRANSFER>No</USEFORTAXUNITTRANSFER>
        <IGNOREPOSVALIDATION>No</IGNOREPOSVALIDATION>
        <EXCISEOPENING>No</EXCISEOPENING>
        <USEFORFINALPRODUCTION>No</USEFORFINALPRODUCTION>
        <ISTDSOVERRIDDEN>No</ISTDSOVERRIDDEN>
        <ISTCSOVERRIDDEN>No</ISTCSOVERRIDDEN>
        <ISTDSTCSCASHVCH>No</ISTDSTCSCASHVCH>
        <INCLUDEADVPYMTVCH>No</INCLUDEADVPYMTVCH>
        <ISSUBWORKSCONTRACT>No</ISSUBWORKSCONTRACT>
        <ISVATOVERRIDDEN>No</ISVATOVERRIDDEN>
        <IGNOREORIGVCHDATE>No</IGNOREORIGVCHDATE>
        <ISVATPAIDATCUSTOMS>No</ISVATPAIDATCUSTOMS>
        <ISDECLAREDTOCUSTOMS>No</ISDECLAREDTOCUSTOMS>
        <ISSERVICETAXOVERRIDDEN>No</ISSERVICETAXOVERRIDDEN>
        <ISISDVOUCHER>No</ISISDVOUCHER>
        <ISEXCISEOVERRIDDEN>No</ISEXCISEOVERRIDDEN>
        <ISEXCISESUPPLYVCH>No</ISEXCISESUPPLYVCH>
        <ISGSTOVERRIDDEN>No</ISGSTOVERRIDDEN>
        <GSTNOTEXPORTED>No</GSTNOTEXPORTED>
        <IGNOREGSTINVALIDATION>No</IGNOREGSTINVALIDATION>
        <ISVATPRINCIPALACCOUNT>No</ISVATPRINCIPALACCOUNT>
        <ISBOENOTAPPLICABLE>No</ISBOENOTAPPLICABLE>
        <ISSHIPPINGWITHINSTATE>No</ISSHIPPINGWITHINSTATE>
        <ISOVERSEASTOURISTTRANS>No</ISOVERSEASTOURISTTRANS>
        <ISDESIGNATEDZONEPARTY>No</ISDESIGNATEDZONEPARTY>
        <ISCANCELLED>No</ISCANCELLED>
        <HASCASHFLOW>Yes</HASCASHFLOW>
        <ISPOSTDATED>No</ISPOSTDATED>
        <USETRACKINGNUMBER>No</USETRACKINGNUMBER>
        <ISINVOICE>No</ISINVOICE>
        <MFGJOURNAL>No</MFGJOURNAL>
        <HASDISCOUNTS>No</HASDISCOUNTS>
        <ASPAYSLIP>No</ASPAYSLIP>
        <ISCOSTCENTRE>No</ISCOSTCENTRE>
        <ISSTXNONREALIZEDVCH>No</ISSTXNONREALIZEDVCH>
        <ISEXCISEMANUFACTURERON>No</ISEXCISEMANUFACTURERON>
        <ISBLANKCHEQUE>No</ISBLANKCHEQUE>
        <ISVOID>No</ISVOID>
        <ISONHOLD>No</ISONHOLD>
        <ORDERLINESTATUS>No</ORDERLINESTATUS>
        <VATISAGNSTCANCSALES>No</VATISAGNSTCANCSALES>
        <VATISPURCEXEMPTED>No</VATISPURCEXEMPTED>
        <ISVATRESTAXINVOICE>No</ISVATRESTAXINVOICE>
        <VATISASSESABLECALCVCH>No</VATISASSESABLECALCVCH>
        <ISVATDUTYPAID>Yes</ISVATDUTYPAID>
        <ISDELIVERYSAMEASCONSIGNEE>No</ISDELIVERYSAMEASCONSIGNEE>
        <ISDISPATCHSAMEASCONSIGNOR>No</ISDISPATCHSAMEASCONSIGNOR>
        <ISDELETED>No</ISDELETED>
        <CHANGEVCHMODE>No</CHANGEVCHMODE>
        <EXCLUDEDTAXATIONS.LIST> </EXCLUDEDTAXATIONS.LIST>
        <OLDAUDITENTRIES.LIST> </OLDAUDITENTRIES.LIST>
        <ACCOUNTAUDITENTRIES.LIST> </ACCOUNTAUDITENTRIES.LIST>
        <AUDITENTRIES.LIST> </AUDITENTRIES.LIST>
        <DUTYHEADDETAILS.LIST> </DUTYHEADDETAILS.LIST>
        <SUPPLEMENTARYDUTYHEADDETAILS.LIST> </SUPPLEMENTARYDUTYHEADDETAILS.LIST>
        <EWAYBILLDETAILS.LIST> </EWAYBILLDETAILS.LIST>
        <INVOICEDELNOTES.LIST> </INVOICEDELNOTES.LIST>
        <INVOICEORDERLIST.LIST> </INVOICEORDERLIST.LIST>
        <INVOICEINDENTLIST.LIST> </INVOICEINDENTLIST.LIST>
        <ATTENDANCEENTRIES.LIST> </ATTENDANCEENTRIES.LIST>
        <ORIGINVOICEDETAILS.LIST> </ORIGINVOICEDETAILS.LIST>
        <INVOICEEXPORTLIST.LIST> </INVOICEEXPORTLIST.LIST>
        <ALLLEDGERENTRIES.LIST>
            <OLDAUDITENTRYIDS.LIST TYPE="Number">
                <OLDAUDITENTRYIDS>-1</OLDAUDITENTRYIDS>
            </OLDAUDITENTRYIDS.LIST>
            <LEDGERNAME>CASH SALES</LEDGERNAME>
            <GSTCLASS/>
            <ISDEEMEDPOSITIVE>No</ISDEEMEDPOSITIVE>
            <LEDGERFROMITEM>No</LEDGERFROMITEM>
            <REMOVEZEROENTRIES>No</REMOVEZEROENTRIES>
            <ISPARTYLEDGER>Yes</ISPARTYLEDGER>
            <ISLASTDEEMEDPOSITIVE>No</ISLASTDEEMEDPOSITIVE>
            <ISCAPVATTAXALTERED>No</ISCAPVATTAXALTERED>
            <ISCAPVATNOTCLAIMED>No</ISCAPVATNOTCLAIMED>
            <AMOUNT>150.00</AMOUNT>
            <SERVICETAXDETAILS.LIST> </SERVICETAXDETAILS.LIST>
            <BANKALLOCATIONS.LIST> </BANKALLOCATIONS.LIST><BILLALLOCATIONS.LIST>
                    <NAME>EST/QTN-0072/24-25</NAME>
                    <BILLTYPE>New Ref</BILLTYPE>
                    <TDSDEDUCTEEISSPECIALRATE>No</TDSDEDUCTEEISSPECIALRATE>
                    <AMOUNT>150.00</AMOUNT>
                    <INTERESTCOLLECTION.LIST> </INTERESTCOLLECTION.LIST>
                    <STBILLCATEGORIES.LIST> </STBILLCATEGORIES.LIST>
                </BILLALLOCATIONS.LIST><INTERESTCOLLECTION.LIST> </INTERESTCOLLECTION.LIST>
            <OLDAUDITENTRIES.LIST> </OLDAUDITENTRIES.LIST>
            <ACCOUNTAUDITENTRIES.LIST> </ACCOUNTAUDITENTRIES.LIST>
            <AUDITENTRIES.LIST> </AUDITENTRIES.LIST>
            <INPUTCRALLOCS.LIST> </INPUTCRALLOCS.LIST>
            <DUTYHEADDETAILS.LIST> </DUTYHEADDETAILS.LIST>
            <EXCISEDUTYHEADDETAILS.LIST> </EXCISEDUTYHEADDETAILS.LIST>
            <RATEDETAILS.LIST> </RATEDETAILS.LIST>
            <SUMMARYALLOCS.LIST> </SUMMARYALLOCS.LIST>
            <STPYMTDETAILS.LIST> </STPYMTDETAILS.LIST>
            <EXCISEPAYMENTALLOCATIONS.LIST> </EXCISEPAYMENTALLOCATIONS.LIST>
            <TAXBILLALLOCATIONS.LIST> </TAXBILLALLOCATIONS.LIST>
            <TAXOBJECTALLOCATIONS.LIST> </TAXOBJECTALLOCATIONS.LIST>
            <TDSEXPENSEALLOCATIONS.LIST> </TDSEXPENSEALLOCATIONS.LIST>
            <VATSTATUTORYDETAILS.LIST> </VATSTATUTORYDETAILS.LIST>
            <COSTTRACKALLOCATIONS.LIST> </COSTTRACKALLOCATIONS.LIST>
            <REFVOUCHERDETAILS.LIST> </REFVOUCHERDETAILS.LIST>
            <INVOICEWISEDETAILS.LIST> </INVOICEWISEDETAILS.LIST>
            <VATITCDETAILS.LIST> </VATITCDETAILS.LIST>
            <ADVANCETAXDETAILS.LIST> </ADVANCETAXDETAILS.LIST>
        </ALLLEDGERENTRIES.LIST>
        <ALLLEDGERENTRIES.LIST>
            <OLDAUDITENTRYIDS.LIST TYPE="Number">
                <OLDAUDITENTRYIDS>-1</OLDAUDITENTRYIDS>
            </OLDAUDITENTRYIDS.LIST>
            <LEDGERNAME>CASH</LEDGERNAME>
            <GSTCLASS/>
            <ISDEEMEDPOSITIVE>Yes</ISDEEMEDPOSITIVE>
            <LEDGERFROMITEM>No</LEDGERFROMITEM>
            <REMOVEZEROENTRIES>No</REMOVEZEROENTRIES>
            <ISPARTYLEDGER>Yes</ISPARTYLEDGER>
            <ISLASTDEEMEDPOSITIVE>Yes</ISLASTDEEMEDPOSITIVE>
            <ISCAPVATTAXALTERED>No</ISCAPVATTAXALTERED>
            <ISCAPVATNOTCLAIMED>No</ISCAPVATNOTCLAIMED>
            <AMOUNT>-150.00</AMOUNT>
            <SERVICETAXDETAILS.LIST> </SERVICETAXDETAILS.LIST>
            <BANKALLOCATIONS.LIST>
                <DATE>20241029</DATE>
                <INSTRUMENTDATE>19700101</INSTRUMENTDATE>
                <NAME>39f49c29-7374-4ca6-a2a0-99aec38cfb3d</NAME>
                <TRANSACTIONTYPE>Cash</TRANSACTIONTYPE>
                <BANKNAME/>
                <PAYMENTFAVOURING>CASH SALES</PAYMENTFAVOURING>
                <INSTRUMENTNUMBER/>
                <UNIQUEREFERENCENUMBER>4zitgHwboqzte2Bc</UNIQUEREFERENCENUMBER>
                <STATUS>No</STATUS>
                <PAYMENTMODE>Transacted</PAYMENTMODE>
                <BANKPARTYNAME>CASH SALES</BANKPARTYNAME>
                <ISCONNECTEDPAYMENT>No</ISCONNECTEDPAYMENT>
                <ISSPLIT>No</ISSPLIT>
                <ISCONTRACTUSED>No</ISCONTRACTUSED>
                <ISACCEPTEDWITHWARNING>No</ISACCEPTEDWITHWARNING>
                <ISTRANSFORCED>No</ISTRANSFORCED>
                <CHEQUEPRINTED> 1</CHEQUEPRINTED>
                <AMOUNT>-150.00</AMOUNT>
                <CONTRACTDETAILS.LIST> </CONTRACTDETAILS.LIST>
                <BANKSTATUSINFO.LIST> </BANKSTATUSINFO.LIST>
            </BANKALLOCATIONS.LIST>
            <BILLALLOCATIONS.LIST> </BILLALLOCATIONS.LIST>
            <INTERESTCOLLECTION.LIST> </INTERESTCOLLECTION.LIST>
            <OLDAUDITENTRIES.LIST> </OLDAUDITENTRIES.LIST>
            <ACCOUNTAUDITENTRIES.LIST> </ACCOUNTAUDITENTRIES.LIST>
            <AUDITENTRIES.LIST> </AUDITENTRIES.LIST>
            <INPUTCRALLOCS.LIST> </INPUTCRALLOCS.LIST>
            <DUTYHEADDETAILS.LIST> </DUTYHEADDETAILS.LIST>
            <EXCISEDUTYHEADDETAILS.LIST> </EXCISEDUTYHEADDETAILS.LIST>
            <RATEDETAILS.LIST> </RATEDETAILS.LIST>
            <SUMMARYALLOCS.LIST> </SUMMARYALLOCS.LIST>
            <STPYMTDETAILS.LIST> </STPYMTDETAILS.LIST>
            <EXCISEPAYMENTALLOCATIONS.LIST> </EXCISEPAYMENTALLOCATIONS.LIST>
            <TAXBILLALLOCATIONS.LIST> </TAXBILLALLOCATIONS.LIST>
            <TAXOBJECTALLOCATIONS.LIST> </TAXOBJECTALLOCATIONS.LIST>
            <TDSEXPENSEALLOCATIONS.LIST> </TDSEXPENSEALLOCATIONS.LIST>
            <VATSTATUTORYDETAILS.LIST> </VATSTATUTORYDETAILS.LIST>
            <COSTTRACKALLOCATIONS.LIST> </COSTTRACKALLOCATIONS.LIST>
            <REFVOUCHERDETAILS.LIST> </REFVOUCHERDETAILS.LIST>
            <INVOICEWISEDETAILS.LIST> </INVOICEWISEDETAILS.LIST>
            <VATITCDETAILS.LIST> </VATITCDETAILS.LIST>
            <ADVANCETAXDETAILS.LIST> </ADVANCETAXDETAILS.LIST>
        </ALLLEDGERENTRIES.LIST>
        <PAYROLLMODEOFPAYMENT.LIST> </PAYROLLMODEOFPAYMENT.LIST>
        <ATTDRECORDS.LIST> </ATTDRECORDS.LIST>
        <GSTEWAYCONSIGNORADDRESS.LIST> </GSTEWAYCONSIGNORADDRESS.LIST>
        <GSTEWAYCONSIGNEEADDRESS.LIST> </GSTEWAYCONSIGNEEADDRESS.LIST>
        <TEMPGSTRATEDETAILS.LIST> </TEMPGSTRATEDETAILS.LIST></VOUCHER>
</TALLYMESSAGE><TALLYMESSAGE xmlns:UDF="TallyUDF">
    <VOUCHER VCHTYPE="Receipt" ACTION="Create" OBJVIEW="Accounting Voucher View">
        <OLDAUDITENTRYIDS.LIST TYPE="Number">
            <OLDAUDITENTRYIDS>-1</OLDAUDITENTRYIDS>
        </OLDAUDITENTRYIDS.LIST>
        <DATE>20241030</DATE>
        <GUID>fb0a08e7-3fca-4e96-8926-f090dfb9c8ae-00000287</GUID>
        <VOUCHERTYPENAME>Receipt</VOUCHERTYPENAME>
        <PARTYLEDGERNAME>CASH SALES</PARTYLEDGERNAME>
        <CSTFORMISSUETYPE/>
        <CSTFORMRECVTYPE/>
        <FBTPAYMENTTYPE>Default</FBTPAYMENTTYPE>
        <PERSISTEDVIEW>Accounting Voucher View</PERSISTEDVIEW>
        <VCHGSTCLASS/>
        <DIFFACTUALQTY>No</DIFFACTUALQTY>
        <ISMSTFROMSYNC>No</ISMSTFROMSYNC>
        <ASORIGINAL>No</ASORIGINAL>
        <AUDITED>No</AUDITED>
        <FORJOBCOSTING>No</FORJOBCOSTING>
        <ISOPTIONAL>No</ISOPTIONAL>
        <USEFOREXCISE>No</USEFOREXCISE>
        <ISFORJOBWORKIN>No</ISFORJOBWORKIN>
        <ALLOWCONSUMPTION>No</ALLOWCONSUMPTION>
        <USEFORINTEREST>No</USEFORINTEREST>
        <USEFORGAINLOSS>No</USEFORGAINLOSS>
        <USEFORGODOWNTRANSFER>No</USEFORGODOWNTRANSFER>
        <USEFORCOMPOUND>No</USEFORCOMPOUND>
        <USEFORSERVICETAX>No</USEFORSERVICETAX>
        <ISEXCISEVOUCHER>No</ISEXCISEVOUCHER>
        <EXCISETAXOVERRIDE>No</EXCISETAXOVERRIDE>
        <USEFORTAXUNITTRANSFER>No</USEFORTAXUNITTRANSFER>
        <IGNOREPOSVALIDATION>No</IGNOREPOSVALIDATION>
        <EXCISEOPENING>No</EXCISEOPENING>
        <USEFORFINALPRODUCTION>No</USEFORFINALPRODUCTION>
        <ISTDSOVERRIDDEN>No</ISTDSOVERRIDDEN>
        <ISTCSOVERRIDDEN>No</ISTCSOVERRIDDEN>
        <ISTDSTCSCASHVCH>No</ISTDSTCSCASHVCH>
        <INCLUDEADVPYMTVCH>No</INCLUDEADVPYMTVCH>
        <ISSUBWORKSCONTRACT>No</ISSUBWORKSCONTRACT>
        <ISVATOVERRIDDEN>No</ISVATOVERRIDDEN>
        <IGNOREORIGVCHDATE>No</IGNOREORIGVCHDATE>
        <ISVATPAIDATCUSTOMS>No</ISVATPAIDATCUSTOMS>
        <ISDECLAREDTOCUSTOMS>No</ISDECLAREDTOCUSTOMS>
        <ISSERVICETAXOVERRIDDEN>No</ISSERVICETAXOVERRIDDEN>
        <ISISDVOUCHER>No</ISISDVOUCHER>
        <ISEXCISEOVERRIDDEN>No</ISEXCISEOVERRIDDEN>
        <ISEXCISESUPPLYVCH>No</ISEXCISESUPPLYVCH>
        <ISGSTOVERRIDDEN>No</ISGSTOVERRIDDEN>
        <GSTNOTEXPORTED>No</GSTNOTEXPORTED>
        <IGNOREGSTINVALIDATION>No</IGNOREGSTINVALIDATION>
        <ISVATPRINCIPALACCOUNT>No</ISVATPRINCIPALACCOUNT>
        <ISBOENOTAPPLICABLE>No</ISBOENOTAPPLICABLE>
        <ISSHIPPINGWITHINSTATE>No</ISSHIPPINGWITHINSTATE>
        <ISOVERSEASTOURISTTRANS>No</ISOVERSEASTOURISTTRANS>
        <ISDESIGNATEDZONEPARTY>No</ISDESIGNATEDZONEPARTY>
        <ISCANCELLED>No</ISCANCELLED>
        <HASCASHFLOW>Yes</HASCASHFLOW>
        <ISPOSTDATED>No</ISPOSTDATED>
        <USETRACKINGNUMBER>No</USETRACKINGNUMBER>
        <ISINVOICE>No</ISINVOICE>
        <MFGJOURNAL>No</MFGJOURNAL>
        <HASDISCOUNTS>No</HASDISCOUNTS>
        <ASPAYSLIP>No</ASPAYSLIP>
        <ISCOSTCENTRE>No</ISCOSTCENTRE>
        <ISSTXNONREALIZEDVCH>No</ISSTXNONREALIZEDVCH>
        <ISEXCISEMANUFACTURERON>No</ISEXCISEMANUFACTURERON>
        <ISBLANKCHEQUE>No</ISBLANKCHEQUE>
        <ISVOID>No</ISVOID>
        <ISONHOLD>No</ISONHOLD>
        <ORDERLINESTATUS>No</ORDERLINESTATUS>
        <VATISAGNSTCANCSALES>No</VATISAGNSTCANCSALES>
        <VATISPURCEXEMPTED>No</VATISPURCEXEMPTED>
        <ISVATRESTAXINVOICE>No</ISVATRESTAXINVOICE>
        <VATISASSESABLECALCVCH>No</VATISASSESABLECALCVCH>
        <ISVATDUTYPAID>Yes</ISVATDUTYPAID>
        <ISDELIVERYSAMEASCONSIGNEE>No</ISDELIVERYSAMEASCONSIGNEE>
        <ISDISPATCHSAMEASCONSIGNOR>No</ISDISPATCHSAMEASCONSIGNOR>
        <ISDELETED>No</ISDELETED>
        <CHANGEVCHMODE>No</CHANGEVCHMODE>
        <EXCLUDEDTAXATIONS.LIST> </EXCLUDEDTAXATIONS.LIST>
        <OLDAUDITENTRIES.LIST> </OLDAUDITENTRIES.LIST>
        <ACCOUNTAUDITENTRIES.LIST> </ACCOUNTAUDITENTRIES.LIST>
        <AUDITENTRIES.LIST> </AUDITENTRIES.LIST>
        <DUTYHEADDETAILS.LIST> </DUTYHEADDETAILS.LIST>
        <SUPPLEMENTARYDUTYHEADDETAILS.LIST> </SUPPLEMENTARYDUTYHEADDETAILS.LIST>
        <EWAYBILLDETAILS.LIST> </EWAYBILLDETAILS.LIST>
        <INVOICEDELNOTES.LIST> </INVOICEDELNOTES.LIST>
        <INVOICEORDERLIST.LIST> </INVOICEORDERLIST.LIST>
        <INVOICEINDENTLIST.LIST> </INVOICEINDENTLIST.LIST>
        <ATTENDANCEENTRIES.LIST> </ATTENDANCEENTRIES.LIST>
        <ORIGINVOICEDETAILS.LIST> </ORIGINVOICEDETAILS.LIST>
        <INVOICEEXPORTLIST.LIST> </INVOICEEXPORTLIST.LIST>
        <ALLLEDGERENTRIES.LIST>
            <OLDAUDITENTRYIDS.LIST TYPE="Number">
                <OLDAUDITENTRYIDS>-1</OLDAUDITENTRYIDS>
            </OLDAUDITENTRYIDS.LIST>
            <LEDGERNAME>CASH SALES</LEDGERNAME>
            <GSTCLASS/>
            <ISDEEMEDPOSITIVE>No</ISDEEMEDPOSITIVE>
            <LEDGERFROMITEM>No</LEDGERFROMITEM>
            <REMOVEZEROENTRIES>No</REMOVEZEROENTRIES>
            <ISPARTYLEDGER>Yes</ISPARTYLEDGER>
            <ISLASTDEEMEDPOSITIVE>No</ISLASTDEEMEDPOSITIVE>
            <ISCAPVATTAXALTERED>No</ISCAPVATTAXALTERED>
            <ISCAPVATNOTCLAIMED>No</ISCAPVATNOTCLAIMED>
            <AMOUNT>830.00</AMOUNT>
            <SERVICETAXDETAILS.LIST> </SERVICETAXDETAILS.LIST>
            <BANKALLOCATIONS.LIST> </BANKALLOCATIONS.LIST><BILLALLOCATIONS.LIST>
                    <NAME>EST/QTN-0073/24-25</NAME>
                    <BILLTYPE>New Ref</BILLTYPE>
                    <TDSDEDUCTEEISSPECIALRATE>No</TDSDEDUCTEEISSPECIALRATE>
                    <AMOUNT>830.00</AMOUNT>
                    <INTERESTCOLLECTION.LIST> </INTERESTCOLLECTION.LIST>
                    <STBILLCATEGORIES.LIST> </STBILLCATEGORIES.LIST>
                </BILLALLOCATIONS.LIST><INTERESTCOLLECTION.LIST> </INTERESTCOLLECTION.LIST>
            <OLDAUDITENTRIES.LIST> </OLDAUDITENTRIES.LIST>
            <ACCOUNTAUDITENTRIES.LIST> </ACCOUNTAUDITENTRIES.LIST>
            <AUDITENTRIES.LIST> </AUDITENTRIES.LIST>
            <INPUTCRALLOCS.LIST> </INPUTCRALLOCS.LIST>
            <DUTYHEADDETAILS.LIST> </DUTYHEADDETAILS.LIST>
            <EXCISEDUTYHEADDETAILS.LIST> </EXCISEDUTYHEADDETAILS.LIST>
            <RATEDETAILS.LIST> </RATEDETAILS.LIST>
            <SUMMARYALLOCS.LIST> </SUMMARYALLOCS.LIST>
            <STPYMTDETAILS.LIST> </STPYMTDETAILS.LIST>
            <EXCISEPAYMENTALLOCATIONS.LIST> </EXCISEPAYMENTALLOCATIONS.LIST>
            <TAXBILLALLOCATIONS.LIST> </TAXBILLALLOCATIONS.LIST>
            <TAXOBJECTALLOCATIONS.LIST> </TAXOBJECTALLOCATIONS.LIST>
            <TDSEXPENSEALLOCATIONS.LIST> </TDSEXPENSEALLOCATIONS.LIST>
            <VATSTATUTORYDETAILS.LIST> </VATSTATUTORYDETAILS.LIST>
            <COSTTRACKALLOCATIONS.LIST> </COSTTRACKALLOCATIONS.LIST>
            <REFVOUCHERDETAILS.LIST> </REFVOUCHERDETAILS.LIST>
            <INVOICEWISEDETAILS.LIST> </INVOICEWISEDETAILS.LIST>
            <VATITCDETAILS.LIST> </VATITCDETAILS.LIST>
            <ADVANCETAXDETAILS.LIST> </ADVANCETAXDETAILS.LIST>
        </ALLLEDGERENTRIES.LIST>
        <ALLLEDGERENTRIES.LIST>
            <OLDAUDITENTRYIDS.LIST TYPE="Number">
                <OLDAUDITENTRYIDS>-1</OLDAUDITENTRYIDS>
            </OLDAUDITENTRYIDS.LIST>
            <LEDGERNAME>CASH</LEDGERNAME>
            <GSTCLASS/>
            <ISDEEMEDPOSITIVE>Yes</ISDEEMEDPOSITIVE>
            <LEDGERFROMITEM>No</LEDGERFROMITEM>
            <REMOVEZEROENTRIES>No</REMOVEZEROENTRIES>
            <ISPARTYLEDGER>Yes</ISPARTYLEDGER>
            <ISLASTDEEMEDPOSITIVE>Yes</ISLASTDEEMEDPOSITIVE>
            <ISCAPVATTAXALTERED>No</ISCAPVATTAXALTERED>
            <ISCAPVATNOTCLAIMED>No</ISCAPVATNOTCLAIMED>
            <AMOUNT>-830.00</AMOUNT>
            <SERVICETAXDETAILS.LIST> </SERVICETAXDETAILS.LIST>
            <BANKALLOCATIONS.LIST>
                <DATE>20241030</DATE>
                <INSTRUMENTDATE>19700101</INSTRUMENTDATE>
                <NAME>39f49c29-7374-4ca6-a2a0-99aec38cfb3d</NAME>
                <TRANSACTIONTYPE>Cash</TRANSACTIONTYPE>
                <BANKNAME/>
                <PAYMENTFAVOURING>CASH SALES</PAYMENTFAVOURING>
                <INSTRUMENTNUMBER/>
                <UNIQUEREFERENCENUMBER>4zitgHwboqzte2Bc</UNIQUEREFERENCENUMBER>
                <STATUS>No</STATUS>
                <PAYMENTMODE>Transacted</PAYMENTMODE>
                <BANKPARTYNAME>CASH SALES</BANKPARTYNAME>
                <ISCONNECTEDPAYMENT>No</ISCONNECTEDPAYMENT>
                <ISSPLIT>No</ISSPLIT>
                <ISCONTRACTUSED>No</ISCONTRACTUSED>
                <ISACCEPTEDWITHWARNING>No</ISACCEPTEDWITHWARNING>
                <ISTRANSFORCED>No</ISTRANSFORCED>
                <CHEQUEPRINTED> 1</CHEQUEPRINTED>
                <AMOUNT>-830.00</AMOUNT>
                <CONTRACTDETAILS.LIST> </CONTRACTDETAILS.LIST>
                <BANKSTATUSINFO.LIST> </BANKSTATUSINFO.LIST>
            </BANKALLOCATIONS.LIST>
            <BILLALLOCATIONS.LIST> </BILLALLOCATIONS.LIST>
            <INTERESTCOLLECTION.LIST> </INTERESTCOLLECTION.LIST>
            <OLDAUDITENTRIES.LIST> </OLDAUDITENTRIES.LIST>
            <ACCOUNTAUDITENTRIES.LIST> </ACCOUNTAUDITENTRIES.LIST>
            <AUDITENTRIES.LIST> </AUDITENTRIES.LIST>
            <INPUTCRALLOCS.LIST> </INPUTCRALLOCS.LIST>
            <DUTYHEADDETAILS.LIST> </DUTYHEADDETAILS.LIST>
            <EXCISEDUTYHEADDETAILS.LIST> </EXCISEDUTYHEADDETAILS.LIST>
            <RATEDETAILS.LIST> </RATEDETAILS.LIST>
            <SUMMARYALLOCS.LIST> </SUMMARYALLOCS.LIST>
            <STPYMTDETAILS.LIST> </STPYMTDETAILS.LIST>
            <EXCISEPAYMENTALLOCATIONS.LIST> </EXCISEPAYMENTALLOCATIONS.LIST>
            <TAXBILLALLOCATIONS.LIST> </TAXBILLALLOCATIONS.LIST>
            <TAXOBJECTALLOCATIONS.LIST> </TAXOBJECTALLOCATIONS.LIST>
            <TDSEXPENSEALLOCATIONS.LIST> </TDSEXPENSEALLOCATIONS.LIST>
            <VATSTATUTORYDETAILS.LIST> </VATSTATUTORYDETAILS.LIST>
            <COSTTRACKALLOCATIONS.LIST> </COSTTRACKALLOCATIONS.LIST>
            <REFVOUCHERDETAILS.LIST> </REFVOUCHERDETAILS.LIST>
            <INVOICEWISEDETAILS.LIST> </INVOICEWISEDETAILS.LIST>
            <VATITCDETAILS.LIST> </VATITCDETAILS.LIST>
            <ADVANCETAXDETAILS.LIST> </ADVANCETAXDETAILS.LIST>
        </ALLLEDGERENTRIES.LIST>
        <PAYROLLMODEOFPAYMENT.LIST> </PAYROLLMODEOFPAYMENT.LIST>
        <ATTDRECORDS.LIST> </ATTDRECORDS.LIST>
        <GSTEWAYCONSIGNORADDRESS.LIST> </GSTEWAYCONSIGNORADDRESS.LIST>
        <GSTEWAYCONSIGNEEADDRESS.LIST> </GSTEWAYCONSIGNEEADDRESS.LIST>
        <TEMPGSTRATEDETAILS.LIST> </TEMPGSTRATEDETAILS.LIST></VOUCHER>
</TALLYMESSAGE><TALLYMESSAGE xmlns:UDF="TallyUDF">
    <VOUCHER VCHTYPE="Receipt" ACTION="Create" OBJVIEW="Accounting Voucher View">
        <OLDAUDITENTRYIDS.LIST TYPE="Number">
            <OLDAUDITENTRYIDS>-1</OLDAUDITENTRYIDS>
        </OLDAUDITENTRYIDS.LIST>
        <DATE>20241030</DATE>
        <GUID>fb0a08e7-3fca-4e96-8926-f090dfb9c8ae-00000287</GUID>
        <VOUCHERTYPENAME>Receipt</VOUCHERTYPENAME>
        <PARTYLEDGERNAME>CASH SALES</PARTYLEDGERNAME>
        <CSTFORMISSUETYPE/>
        <CSTFORMRECVTYPE/>
        <FBTPAYMENTTYPE>Default</FBTPAYMENTTYPE>
        <PERSISTEDVIEW>Accounting Voucher View</PERSISTEDVIEW>
        <VCHGSTCLASS/>
        <DIFFACTUALQTY>No</DIFFACTUALQTY>
        <ISMSTFROMSYNC>No</ISMSTFROMSYNC>
        <ASORIGINAL>No</ASORIGINAL>
        <AUDITED>No</AUDITED>
        <FORJOBCOSTING>No</FORJOBCOSTING>
        <ISOPTIONAL>No</ISOPTIONAL>
        <USEFOREXCISE>No</USEFOREXCISE>
        <ISFORJOBWORKIN>No</ISFORJOBWORKIN>
        <ALLOWCONSUMPTION>No</ALLOWCONSUMPTION>
        <USEFORINTEREST>No</USEFORINTEREST>
        <USEFORGAINLOSS>No</USEFORGAINLOSS>
        <USEFORGODOWNTRANSFER>No</USEFORGODOWNTRANSFER>
        <USEFORCOMPOUND>No</USEFORCOMPOUND>
        <USEFORSERVICETAX>No</USEFORSERVICETAX>
        <ISEXCISEVOUCHER>No</ISEXCISEVOUCHER>
        <EXCISETAXOVERRIDE>No</EXCISETAXOVERRIDE>
        <USEFORTAXUNITTRANSFER>No</USEFORTAXUNITTRANSFER>
        <IGNOREPOSVALIDATION>No</IGNOREPOSVALIDATION>
        <EXCISEOPENING>No</EXCISEOPENING>
        <USEFORFINALPRODUCTION>No</USEFORFINALPRODUCTION>
        <ISTDSOVERRIDDEN>No</ISTDSOVERRIDDEN>
        <ISTCSOVERRIDDEN>No</ISTCSOVERRIDDEN>
        <ISTDSTCSCASHVCH>No</ISTDSTCSCASHVCH>
        <INCLUDEADVPYMTVCH>No</INCLUDEADVPYMTVCH>
        <ISSUBWORKSCONTRACT>No</ISSUBWORKSCONTRACT>
        <ISVATOVERRIDDEN>No</ISVATOVERRIDDEN>
        <IGNOREORIGVCHDATE>No</IGNOREORIGVCHDATE>
        <ISVATPAIDATCUSTOMS>No</ISVATPAIDATCUSTOMS>
        <ISDECLAREDTOCUSTOMS>No</ISDECLAREDTOCUSTOMS>
        <ISSERVICETAXOVERRIDDEN>No</ISSERVICETAXOVERRIDDEN>
        <ISISDVOUCHER>No</ISISDVOUCHER>
        <ISEXCISEOVERRIDDEN>No</ISEXCISEOVERRIDDEN>
        <ISEXCISESUPPLYVCH>No</ISEXCISESUPPLYVCH>
        <ISGSTOVERRIDDEN>No</ISGSTOVERRIDDEN>
        <GSTNOTEXPORTED>No</GSTNOTEXPORTED>
        <IGNOREGSTINVALIDATION>No</IGNOREGSTINVALIDATION>
        <ISVATPRINCIPALACCOUNT>No</ISVATPRINCIPALACCOUNT>
        <ISBOENOTAPPLICABLE>No</ISBOENOTAPPLICABLE>
        <ISSHIPPINGWITHINSTATE>No</ISSHIPPINGWITHINSTATE>
        <ISOVERSEASTOURISTTRANS>No</ISOVERSEASTOURISTTRANS>
        <ISDESIGNATEDZONEPARTY>No</ISDESIGNATEDZONEPARTY>
        <ISCANCELLED>No</ISCANCELLED>
        <HASCASHFLOW>Yes</HASCASHFLOW>
        <ISPOSTDATED>No</ISPOSTDATED>
        <USETRACKINGNUMBER>No</USETRACKINGNUMBER>
        <ISINVOICE>No</ISINVOICE>
        <MFGJOURNAL>No</MFGJOURNAL>
        <HASDISCOUNTS>No</HASDISCOUNTS>
        <ASPAYSLIP>No</ASPAYSLIP>
        <ISCOSTCENTRE>No</ISCOSTCENTRE>
        <ISSTXNONREALIZEDVCH>No</ISSTXNONREALIZEDVCH>
        <ISEXCISEMANUFACTURERON>No</ISEXCISEMANUFACTURERON>
        <ISBLANKCHEQUE>No</ISBLANKCHEQUE>
        <ISVOID>No</ISVOID>
        <ISONHOLD>No</ISONHOLD>
        <ORDERLINESTATUS>No</ORDERLINESTATUS>
        <VATISAGNSTCANCSALES>No</VATISAGNSTCANCSALES>
        <VATISPURCEXEMPTED>No</VATISPURCEXEMPTED>
        <ISVATRESTAXINVOICE>No</ISVATRESTAXINVOICE>
        <VATISASSESABLECALCVCH>No</VATISASSESABLECALCVCH>
        <ISVATDUTYPAID>Yes</ISVATDUTYPAID>
        <ISDELIVERYSAMEASCONSIGNEE>No</ISDELIVERYSAMEASCONSIGNEE>
        <ISDISPATCHSAMEASCONSIGNOR>No</ISDISPATCHSAMEASCONSIGNOR>
        <ISDELETED>No</ISDELETED>
        <CHANGEVCHMODE>No</CHANGEVCHMODE>
        <EXCLUDEDTAXATIONS.LIST> </EXCLUDEDTAXATIONS.LIST>
        <OLDAUDITENTRIES.LIST> </OLDAUDITENTRIES.LIST>
        <ACCOUNTAUDITENTRIES.LIST> </ACCOUNTAUDITENTRIES.LIST>
        <AUDITENTRIES.LIST> </AUDITENTRIES.LIST>
        <DUTYHEADDETAILS.LIST> </DUTYHEADDETAILS.LIST>
        <SUPPLEMENTARYDUTYHEADDETAILS.LIST> </SUPPLEMENTARYDUTYHEADDETAILS.LIST>
        <EWAYBILLDETAILS.LIST> </EWAYBILLDETAILS.LIST>
        <INVOICEDELNOTES.LIST> </INVOICEDELNOTES.LIST>
        <INVOICEORDERLIST.LIST> </INVOICEORDERLIST.LIST>
        <INVOICEINDENTLIST.LIST> </INVOICEINDENTLIST.LIST>
        <ATTENDANCEENTRIES.LIST> </ATTENDANCEENTRIES.LIST>
        <ORIGINVOICEDETAILS.LIST> </ORIGINVOICEDETAILS.LIST>
        <INVOICEEXPORTLIST.LIST> </INVOICEEXPORTLIST.LIST>
        <ALLLEDGERENTRIES.LIST>
            <OLDAUDITENTRYIDS.LIST TYPE="Number">
                <OLDAUDITENTRYIDS>-1</OLDAUDITENTRYIDS>
            </OLDAUDITENTRYIDS.LIST>
            <LEDGERNAME>CASH SALES</LEDGERNAME>
            <GSTCLASS/>
            <ISDEEMEDPOSITIVE>No</ISDEEMEDPOSITIVE>
            <LEDGERFROMITEM>No</LEDGERFROMITEM>
            <REMOVEZEROENTRIES>No</REMOVEZEROENTRIES>
            <ISPARTYLEDGER>Yes</ISPARTYLEDGER>
            <ISLASTDEEMEDPOSITIVE>No</ISLASTDEEMEDPOSITIVE>
            <ISCAPVATTAXALTERED>No</ISCAPVATTAXALTERED>
            <ISCAPVATNOTCLAIMED>No</ISCAPVATNOTCLAIMED>
            <AMOUNT>310.00</AMOUNT>
            <SERVICETAXDETAILS.LIST> </SERVICETAXDETAILS.LIST>
            <BANKALLOCATIONS.LIST> </BANKALLOCATIONS.LIST><BILLALLOCATIONS.LIST>
                    <NAME>EST/QTN-0075/24-25</NAME>
                    <BILLTYPE>New Ref</BILLTYPE>
                    <TDSDEDUCTEEISSPECIALRATE>No</TDSDEDUCTEEISSPECIALRATE>
                    <AMOUNT>310.00</AMOUNT>
                    <INTERESTCOLLECTION.LIST> </INTERESTCOLLECTION.LIST>
                    <STBILLCATEGORIES.LIST> </STBILLCATEGORIES.LIST>
                </BILLALLOCATIONS.LIST><INTERESTCOLLECTION.LIST> </INTERESTCOLLECTION.LIST>
            <OLDAUDITENTRIES.LIST> </OLDAUDITENTRIES.LIST>
            <ACCOUNTAUDITENTRIES.LIST> </ACCOUNTAUDITENTRIES.LIST>
            <AUDITENTRIES.LIST> </AUDITENTRIES.LIST>
            <INPUTCRALLOCS.LIST> </INPUTCRALLOCS.LIST>
            <DUTYHEADDETAILS.LIST> </DUTYHEADDETAILS.LIST>
            <EXCISEDUTYHEADDETAILS.LIST> </EXCISEDUTYHEADDETAILS.LIST>
            <RATEDETAILS.LIST> </RATEDETAILS.LIST>
            <SUMMARYALLOCS.LIST> </SUMMARYALLOCS.LIST>
            <STPYMTDETAILS.LIST> </STPYMTDETAILS.LIST>
            <EXCISEPAYMENTALLOCATIONS.LIST> </EXCISEPAYMENTALLOCATIONS.LIST>
            <TAXBILLALLOCATIONS.LIST> </TAXBILLALLOCATIONS.LIST>
            <TAXOBJECTALLOCATIONS.LIST> </TAXOBJECTALLOCATIONS.LIST>
            <TDSEXPENSEALLOCATIONS.LIST> </TDSEXPENSEALLOCATIONS.LIST>
            <VATSTATUTORYDETAILS.LIST> </VATSTATUTORYDETAILS.LIST>
            <COSTTRACKALLOCATIONS.LIST> </COSTTRACKALLOCATIONS.LIST>
            <REFVOUCHERDETAILS.LIST> </REFVOUCHERDETAILS.LIST>
            <INVOICEWISEDETAILS.LIST> </INVOICEWISEDETAILS.LIST>
            <VATITCDETAILS.LIST> </VATITCDETAILS.LIST>
            <ADVANCETAXDETAILS.LIST> </ADVANCETAXDETAILS.LIST>
        </ALLLEDGERENTRIES.LIST>
        <ALLLEDGERENTRIES.LIST>
            <OLDAUDITENTRYIDS.LIST TYPE="Number">
                <OLDAUDITENTRYIDS>-1</OLDAUDITENTRYIDS>
            </OLDAUDITENTRYIDS.LIST>
            <LEDGERNAME>CASH</LEDGERNAME>
            <GSTCLASS/>
            <ISDEEMEDPOSITIVE>Yes</ISDEEMEDPOSITIVE>
            <LEDGERFROMITEM>No</LEDGERFROMITEM>
            <REMOVEZEROENTRIES>No</REMOVEZEROENTRIES>
            <ISPARTYLEDGER>Yes</ISPARTYLEDGER>
            <ISLASTDEEMEDPOSITIVE>Yes</ISLASTDEEMEDPOSITIVE>
            <ISCAPVATTAXALTERED>No</ISCAPVATTAXALTERED>
            <ISCAPVATNOTCLAIMED>No</ISCAPVATNOTCLAIMED>
            <AMOUNT>-310.00</AMOUNT>
            <SERVICETAXDETAILS.LIST> </SERVICETAXDETAILS.LIST>
            <BANKALLOCATIONS.LIST>
                <DATE>20241030</DATE>
                <INSTRUMENTDATE>19700101</INSTRUMENTDATE>
                <NAME>39f49c29-7374-4ca6-a2a0-99aec38cfb3d</NAME>
                <TRANSACTIONTYPE>Cash</TRANSACTIONTYPE>
                <BANKNAME/>
                <PAYMENTFAVOURING>CASH SALES</PAYMENTFAVOURING>
                <INSTRUMENTNUMBER/>
                <UNIQUEREFERENCENUMBER>4zitgHwboqzte2Bc</UNIQUEREFERENCENUMBER>
                <STATUS>No</STATUS>
                <PAYMENTMODE>Transacted</PAYMENTMODE>
                <BANKPARTYNAME>CASH SALES</BANKPARTYNAME>
                <ISCONNECTEDPAYMENT>No</ISCONNECTEDPAYMENT>
                <ISSPLIT>No</ISSPLIT>
                <ISCONTRACTUSED>No</ISCONTRACTUSED>
                <ISACCEPTEDWITHWARNING>No</ISACCEPTEDWITHWARNING>
                <ISTRANSFORCED>No</ISTRANSFORCED>
                <CHEQUEPRINTED> 1</CHEQUEPRINTED>
                <AMOUNT>-310.00</AMOUNT>
                <CONTRACTDETAILS.LIST> </CONTRACTDETAILS.LIST>
                <BANKSTATUSINFO.LIST> </BANKSTATUSINFO.LIST>
            </BANKALLOCATIONS.LIST>
            <BILLALLOCATIONS.LIST> </BILLALLOCATIONS.LIST>
            <INTERESTCOLLECTION.LIST> </INTERESTCOLLECTION.LIST>
            <OLDAUDITENTRIES.LIST> </OLDAUDITENTRIES.LIST>
            <ACCOUNTAUDITENTRIES.LIST> </ACCOUNTAUDITENTRIES.LIST>
            <AUDITENTRIES.LIST> </AUDITENTRIES.LIST>
            <INPUTCRALLOCS.LIST> </INPUTCRALLOCS.LIST>
            <DUTYHEADDETAILS.LIST> </DUTYHEADDETAILS.LIST>
            <EXCISEDUTYHEADDETAILS.LIST> </EXCISEDUTYHEADDETAILS.LIST>
            <RATEDETAILS.LIST> </RATEDETAILS.LIST>
            <SUMMARYALLOCS.LIST> </SUMMARYALLOCS.LIST>
            <STPYMTDETAILS.LIST> </STPYMTDETAILS.LIST>
            <EXCISEPAYMENTALLOCATIONS.LIST> </EXCISEPAYMENTALLOCATIONS.LIST>
            <TAXBILLALLOCATIONS.LIST> </TAXBILLALLOCATIONS.LIST>
            <TAXOBJECTALLOCATIONS.LIST> </TAXOBJECTALLOCATIONS.LIST>
            <TDSEXPENSEALLOCATIONS.LIST> </TDSEXPENSEALLOCATIONS.LIST>
            <VATSTATUTORYDETAILS.LIST> </VATSTATUTORYDETAILS.LIST>
            <COSTTRACKALLOCATIONS.LIST> </COSTTRACKALLOCATIONS.LIST>
            <REFVOUCHERDETAILS.LIST> </REFVOUCHERDETAILS.LIST>
            <INVOICEWISEDETAILS.LIST> </INVOICEWISEDETAILS.LIST>
            <VATITCDETAILS.LIST> </VATITCDETAILS.LIST>
            <ADVANCETAXDETAILS.LIST> </ADVANCETAXDETAILS.LIST>
        </ALLLEDGERENTRIES.LIST>
        <PAYROLLMODEOFPAYMENT.LIST> </PAYROLLMODEOFPAYMENT.LIST>
        <ATTDRECORDS.LIST> </ATTDRECORDS.LIST>
        <GSTEWAYCONSIGNORADDRESS.LIST> </GSTEWAYCONSIGNORADDRESS.LIST>
        <GSTEWAYCONSIGNEEADDRESS.LIST> </GSTEWAYCONSIGNEEADDRESS.LIST>
        <TEMPGSTRATEDETAILS.LIST> </TEMPGSTRATEDETAILS.LIST></VOUCHER>
</TALLYMESSAGE><TALLYMESSAGE xmlns:UDF="TallyUDF">
    <VOUCHER VCHTYPE="Receipt" ACTION="Create" OBJVIEW="Accounting Voucher View">
        <OLDAUDITENTRYIDS.LIST TYPE="Number">
            <OLDAUDITENTRYIDS>-1</OLDAUDITENTRYIDS>
        </OLDAUDITENTRYIDS.LIST>
        <DATE>20241030</DATE>
        <GUID>fb0a08e7-3fca-4e96-8926-f090dfb9c8ae-00000287</GUID>
        <VOUCHERTYPENAME>Receipt</VOUCHERTYPENAME>
        <PARTYLEDGERNAME>R.M.TRADE CENTRE ( MURTAZA BHAI)</PARTYLEDGERNAME>
        <CSTFORMISSUETYPE/>
        <CSTFORMRECVTYPE/>
        <FBTPAYMENTTYPE>Default</FBTPAYMENTTYPE>
        <PERSISTEDVIEW>Accounting Voucher View</PERSISTEDVIEW>
        <VCHGSTCLASS/>
        <DIFFACTUALQTY>No</DIFFACTUALQTY>
        <ISMSTFROMSYNC>No</ISMSTFROMSYNC>
        <ASORIGINAL>No</ASORIGINAL>
        <AUDITED>No</AUDITED>
        <FORJOBCOSTING>No</FORJOBCOSTING>
        <ISOPTIONAL>No</ISOPTIONAL>
        <USEFOREXCISE>No</USEFOREXCISE>
        <ISFORJOBWORKIN>No</ISFORJOBWORKIN>
        <ALLOWCONSUMPTION>No</ALLOWCONSUMPTION>
        <USEFORINTEREST>No</USEFORINTEREST>
        <USEFORGAINLOSS>No</USEFORGAINLOSS>
        <USEFORGODOWNTRANSFER>No</USEFORGODOWNTRANSFER>
        <USEFORCOMPOUND>No</USEFORCOMPOUND>
        <USEFORSERVICETAX>No</USEFORSERVICETAX>
        <ISEXCISEVOUCHER>No</ISEXCISEVOUCHER>
        <EXCISETAXOVERRIDE>No</EXCISETAXOVERRIDE>
        <USEFORTAXUNITTRANSFER>No</USEFORTAXUNITTRANSFER>
        <IGNOREPOSVALIDATION>No</IGNOREPOSVALIDATION>
        <EXCISEOPENING>No</EXCISEOPENING>
        <USEFORFINALPRODUCTION>No</USEFORFINALPRODUCTION>
        <ISTDSOVERRIDDEN>No</ISTDSOVERRIDDEN>
        <ISTCSOVERRIDDEN>No</ISTCSOVERRIDDEN>
        <ISTDSTCSCASHVCH>No</ISTDSTCSCASHVCH>
        <INCLUDEADVPYMTVCH>No</INCLUDEADVPYMTVCH>
        <ISSUBWORKSCONTRACT>No</ISSUBWORKSCONTRACT>
        <ISVATOVERRIDDEN>No</ISVATOVERRIDDEN>
        <IGNOREORIGVCHDATE>No</IGNOREORIGVCHDATE>
        <ISVATPAIDATCUSTOMS>No</ISVATPAIDATCUSTOMS>
        <ISDECLAREDTOCUSTOMS>No</ISDECLAREDTOCUSTOMS>
        <ISSERVICETAXOVERRIDDEN>No</ISSERVICETAXOVERRIDDEN>
        <ISISDVOUCHER>No</ISISDVOUCHER>
        <ISEXCISEOVERRIDDEN>No</ISEXCISEOVERRIDDEN>
        <ISEXCISESUPPLYVCH>No</ISEXCISESUPPLYVCH>
        <ISGSTOVERRIDDEN>No</ISGSTOVERRIDDEN>
        <GSTNOTEXPORTED>No</GSTNOTEXPORTED>
        <IGNOREGSTINVALIDATION>No</IGNOREGSTINVALIDATION>
        <ISVATPRINCIPALACCOUNT>No</ISVATPRINCIPALACCOUNT>
        <ISBOENOTAPPLICABLE>No</ISBOENOTAPPLICABLE>
        <ISSHIPPINGWITHINSTATE>No</ISSHIPPINGWITHINSTATE>
        <ISOVERSEASTOURISTTRANS>No</ISOVERSEASTOURISTTRANS>
        <ISDESIGNATEDZONEPARTY>No</ISDESIGNATEDZONEPARTY>
        <ISCANCELLED>No</ISCANCELLED>
        <HASCASHFLOW>Yes</HASCASHFLOW>
        <ISPOSTDATED>No</ISPOSTDATED>
        <USETRACKINGNUMBER>No</USETRACKINGNUMBER>
        <ISINVOICE>No</ISINVOICE>
        <MFGJOURNAL>No</MFGJOURNAL>
        <HASDISCOUNTS>No</HASDISCOUNTS>
        <ASPAYSLIP>No</ASPAYSLIP>
        <ISCOSTCENTRE>No</ISCOSTCENTRE>
        <ISSTXNONREALIZEDVCH>No</ISSTXNONREALIZEDVCH>
        <ISEXCISEMANUFACTURERON>No</ISEXCISEMANUFACTURERON>
        <ISBLANKCHEQUE>No</ISBLANKCHEQUE>
        <ISVOID>No</ISVOID>
        <ISONHOLD>No</ISONHOLD>
        <ORDERLINESTATUS>No</ORDERLINESTATUS>
        <VATISAGNSTCANCSALES>No</VATISAGNSTCANCSALES>
        <VATISPURCEXEMPTED>No</VATISPURCEXEMPTED>
        <ISVATRESTAXINVOICE>No</ISVATRESTAXINVOICE>
        <VATISASSESABLECALCVCH>No</VATISASSESABLECALCVCH>
        <ISVATDUTYPAID>Yes</ISVATDUTYPAID>
        <ISDELIVERYSAMEASCONSIGNEE>No</ISDELIVERYSAMEASCONSIGNEE>
        <ISDISPATCHSAMEASCONSIGNOR>No</ISDISPATCHSAMEASCONSIGNOR>
        <ISDELETED>No</ISDELETED>
        <CHANGEVCHMODE>No</CHANGEVCHMODE>
        <EXCLUDEDTAXATIONS.LIST> </EXCLUDEDTAXATIONS.LIST>
        <OLDAUDITENTRIES.LIST> </OLDAUDITENTRIES.LIST>
        <ACCOUNTAUDITENTRIES.LIST> </ACCOUNTAUDITENTRIES.LIST>
        <AUDITENTRIES.LIST> </AUDITENTRIES.LIST>
        <DUTYHEADDETAILS.LIST> </DUTYHEADDETAILS.LIST>
        <SUPPLEMENTARYDUTYHEADDETAILS.LIST> </SUPPLEMENTARYDUTYHEADDETAILS.LIST>
        <EWAYBILLDETAILS.LIST> </EWAYBILLDETAILS.LIST>
        <INVOICEDELNOTES.LIST> </INVOICEDELNOTES.LIST>
        <INVOICEORDERLIST.LIST> </INVOICEORDERLIST.LIST>
        <INVOICEINDENTLIST.LIST> </INVOICEINDENTLIST.LIST>
        <ATTENDANCEENTRIES.LIST> </ATTENDANCEENTRIES.LIST>
        <ORIGINVOICEDETAILS.LIST> </ORIGINVOICEDETAILS.LIST>
        <INVOICEEXPORTLIST.LIST> </INVOICEEXPORTLIST.LIST>
        <ALLLEDGERENTRIES.LIST>
            <OLDAUDITENTRYIDS.LIST TYPE="Number">
                <OLDAUDITENTRYIDS>-1</OLDAUDITENTRYIDS>
            </OLDAUDITENTRYIDS.LIST>
            <LEDGERNAME>R.M.TRADE CENTRE ( MURTAZA BHAI)</LEDGERNAME>
            <GSTCLASS/>
            <ISDEEMEDPOSITIVE>No</ISDEEMEDPOSITIVE>
            <LEDGERFROMITEM>No</LEDGERFROMITEM>
            <REMOVEZEROENTRIES>No</REMOVEZEROENTRIES>
            <ISPARTYLEDGER>Yes</ISPARTYLEDGER>
            <ISLASTDEEMEDPOSITIVE>No</ISLASTDEEMEDPOSITIVE>
            <ISCAPVATTAXALTERED>No</ISCAPVATTAXALTERED>
            <ISCAPVATNOTCLAIMED>No</ISCAPVATNOTCLAIMED>
            <AMOUNT>200.00</AMOUNT>
            <SERVICETAXDETAILS.LIST> </SERVICETAXDETAILS.LIST>
            <BANKALLOCATIONS.LIST> </BANKALLOCATIONS.LIST><BILLALLOCATIONS.LIST>
                    <NAME>EST/QTN-0056/24-25</NAME>
                    <BILLTYPE>New Ref</BILLTYPE>
                    <TDSDEDUCTEEISSPECIALRATE>No</TDSDEDUCTEEISSPECIALRATE>
                    <AMOUNT>200.00</AMOUNT>
                    <INTERESTCOLLECTION.LIST> </INTERESTCOLLECTION.LIST>
                    <STBILLCATEGORIES.LIST> </STBILLCATEGORIES.LIST>
                </BILLALLOCATIONS.LIST><INTERESTCOLLECTION.LIST> </INTERESTCOLLECTION.LIST>
            <OLDAUDITENTRIES.LIST> </OLDAUDITENTRIES.LIST>
            <ACCOUNTAUDITENTRIES.LIST> </ACCOUNTAUDITENTRIES.LIST>
            <AUDITENTRIES.LIST> </AUDITENTRIES.LIST>
            <INPUTCRALLOCS.LIST> </INPUTCRALLOCS.LIST>
            <DUTYHEADDETAILS.LIST> </DUTYHEADDETAILS.LIST>
            <EXCISEDUTYHEADDETAILS.LIST> </EXCISEDUTYHEADDETAILS.LIST>
            <RATEDETAILS.LIST> </RATEDETAILS.LIST>
            <SUMMARYALLOCS.LIST> </SUMMARYALLOCS.LIST>
            <STPYMTDETAILS.LIST> </STPYMTDETAILS.LIST>
            <EXCISEPAYMENTALLOCATIONS.LIST> </EXCISEPAYMENTALLOCATIONS.LIST>
            <TAXBILLALLOCATIONS.LIST> </TAXBILLALLOCATIONS.LIST>
            <TAXOBJECTALLOCATIONS.LIST> </TAXOBJECTALLOCATIONS.LIST>
            <TDSEXPENSEALLOCATIONS.LIST> </TDSEXPENSEALLOCATIONS.LIST>
            <VATSTATUTORYDETAILS.LIST> </VATSTATUTORYDETAILS.LIST>
            <COSTTRACKALLOCATIONS.LIST> </COSTTRACKALLOCATIONS.LIST>
            <REFVOUCHERDETAILS.LIST> </REFVOUCHERDETAILS.LIST>
            <INVOICEWISEDETAILS.LIST> </INVOICEWISEDETAILS.LIST>
            <VATITCDETAILS.LIST> </VATITCDETAILS.LIST>
            <ADVANCETAXDETAILS.LIST> </ADVANCETAXDETAILS.LIST>
        </ALLLEDGERENTRIES.LIST>
        <ALLLEDGERENTRIES.LIST>
            <OLDAUDITENTRYIDS.LIST TYPE="Number">
                <OLDAUDITENTRYIDS>-1</OLDAUDITENTRYIDS>
            </OLDAUDITENTRYIDS.LIST>
            <LEDGERNAME>CASH</LEDGERNAME>
            <GSTCLASS/>
            <ISDEEMEDPOSITIVE>Yes</ISDEEMEDPOSITIVE>
            <LEDGERFROMITEM>No</LEDGERFROMITEM>
            <REMOVEZEROENTRIES>No</REMOVEZEROENTRIES>
            <ISPARTYLEDGER>Yes</ISPARTYLEDGER>
            <ISLASTDEEMEDPOSITIVE>Yes</ISLASTDEEMEDPOSITIVE>
            <ISCAPVATTAXALTERED>No</ISCAPVATTAXALTERED>
            <ISCAPVATNOTCLAIMED>No</ISCAPVATNOTCLAIMED>
            <AMOUNT>-200.00</AMOUNT>
            <SERVICETAXDETAILS.LIST> </SERVICETAXDETAILS.LIST>
            <BANKALLOCATIONS.LIST>
                <DATE>20241030</DATE>
                <INSTRUMENTDATE>19700101</INSTRUMENTDATE>
                <NAME>39f49c29-7374-4ca6-a2a0-99aec38cfb3d</NAME>
                <TRANSACTIONTYPE>Cash</TRANSACTIONTYPE>
                <BANKNAME/>
                <PAYMENTFAVOURING>R.M.TRADE CENTRE ( MURTAZA BHAI)</PAYMENTFAVOURING>
                <INSTRUMENTNUMBER/>
                <UNIQUEREFERENCENUMBER>4zitgHwboqzte2Bc</UNIQUEREFERENCENUMBER>
                <STATUS>No</STATUS>
                <PAYMENTMODE>Transacted</PAYMENTMODE>
                <BANKPARTYNAME>R.M.TRADE CENTRE ( MURTAZA BHAI)</BANKPARTYNAME>
                <ISCONNECTEDPAYMENT>No</ISCONNECTEDPAYMENT>
                <ISSPLIT>No</ISSPLIT>
                <ISCONTRACTUSED>No</ISCONTRACTUSED>
                <ISACCEPTEDWITHWARNING>No</ISACCEPTEDWITHWARNING>
                <ISTRANSFORCED>No</ISTRANSFORCED>
                <CHEQUEPRINTED> 1</CHEQUEPRINTED>
                <AMOUNT>-200.00</AMOUNT>
                <CONTRACTDETAILS.LIST> </CONTRACTDETAILS.LIST>
                <BANKSTATUSINFO.LIST> </BANKSTATUSINFO.LIST>
            </BANKALLOCATIONS.LIST>
            <BILLALLOCATIONS.LIST> </BILLALLOCATIONS.LIST>
            <INTERESTCOLLECTION.LIST> </INTERESTCOLLECTION.LIST>
            <OLDAUDITENTRIES.LIST> </OLDAUDITENTRIES.LIST>
            <ACCOUNTAUDITENTRIES.LIST> </ACCOUNTAUDITENTRIES.LIST>
            <AUDITENTRIES.LIST> </AUDITENTRIES.LIST>
            <INPUTCRALLOCS.LIST> </INPUTCRALLOCS.LIST>
            <DUTYHEADDETAILS.LIST> </DUTYHEADDETAILS.LIST>
            <EXCISEDUTYHEADDETAILS.LIST> </EXCISEDUTYHEADDETAILS.LIST>
            <RATEDETAILS.LIST> </RATEDETAILS.LIST>
            <SUMMARYALLOCS.LIST> </SUMMARYALLOCS.LIST>
            <STPYMTDETAILS.LIST> </STPYMTDETAILS.LIST>
            <EXCISEPAYMENTALLOCATIONS.LIST> </EXCISEPAYMENTALLOCATIONS.LIST>
            <TAXBILLALLOCATIONS.LIST> </TAXBILLALLOCATIONS.LIST>
            <TAXOBJECTALLOCATIONS.LIST> </TAXOBJECTALLOCATIONS.LIST>
            <TDSEXPENSEALLOCATIONS.LIST> </TDSEXPENSEALLOCATIONS.LIST>
            <VATSTATUTORYDETAILS.LIST> </VATSTATUTORYDETAILS.LIST>
            <COSTTRACKALLOCATIONS.LIST> </COSTTRACKALLOCATIONS.LIST>
            <REFVOUCHERDETAILS.LIST> </REFVOUCHERDETAILS.LIST>
            <INVOICEWISEDETAILS.LIST> </INVOICEWISEDETAILS.LIST>
            <VATITCDETAILS.LIST> </VATITCDETAILS.LIST>
            <ADVANCETAXDETAILS.LIST> </ADVANCETAXDETAILS.LIST>
        </ALLLEDGERENTRIES.LIST>
        <PAYROLLMODEOFPAYMENT.LIST> </PAYROLLMODEOFPAYMENT.LIST>
        <ATTDRECORDS.LIST> </ATTDRECORDS.LIST>
        <GSTEWAYCONSIGNORADDRESS.LIST> </GSTEWAYCONSIGNORADDRESS.LIST>
        <GSTEWAYCONSIGNEEADDRESS.LIST> </GSTEWAYCONSIGNEEADDRESS.LIST>
        <TEMPGSTRATEDETAILS.LIST> </TEMPGSTRATEDETAILS.LIST></VOUCHER>
</TALLYMESSAGE><TALLYMESSAGE xmlns:UDF="TallyUDF">
    <VOUCHER VCHTYPE="Receipt" ACTION="Create" OBJVIEW="Accounting Voucher View">
        <OLDAUDITENTRYIDS.LIST TYPE="Number">
            <OLDAUDITENTRYIDS>-1</OLDAUDITENTRYIDS>
        </OLDAUDITENTRYIDS.LIST>
        <DATE>20241030</DATE>
        <GUID>fb0a08e7-3fca-4e96-8926-f090dfb9c8ae-00000287</GUID>
        <VOUCHERTYPENAME>Receipt</VOUCHERTYPENAME>
        <PARTYLEDGERNAME>HURSHIKESH RANA</PARTYLEDGERNAME>
        <CSTFORMISSUETYPE/>
        <CSTFORMRECVTYPE/>
        <FBTPAYMENTTYPE>Default</FBTPAYMENTTYPE>
        <PERSISTEDVIEW>Accounting Voucher View</PERSISTEDVIEW>
        <VCHGSTCLASS/>
        <DIFFACTUALQTY>No</DIFFACTUALQTY>
        <ISMSTFROMSYNC>No</ISMSTFROMSYNC>
        <ASORIGINAL>No</ASORIGINAL>
        <AUDITED>No</AUDITED>
        <FORJOBCOSTING>No</FORJOBCOSTING>
        <ISOPTIONAL>No</ISOPTIONAL>
        <USEFOREXCISE>No</USEFOREXCISE>
        <ISFORJOBWORKIN>No</ISFORJOBWORKIN>
        <ALLOWCONSUMPTION>No</ALLOWCONSUMPTION>
        <USEFORINTEREST>No</USEFORINTEREST>
        <USEFORGAINLOSS>No</USEFORGAINLOSS>
        <USEFORGODOWNTRANSFER>No</USEFORGODOWNTRANSFER>
        <USEFORCOMPOUND>No</USEFORCOMPOUND>
        <USEFORSERVICETAX>No</USEFORSERVICETAX>
        <ISEXCISEVOUCHER>No</ISEXCISEVOUCHER>
        <EXCISETAXOVERRIDE>No</EXCISETAXOVERRIDE>
        <USEFORTAXUNITTRANSFER>No</USEFORTAXUNITTRANSFER>
        <IGNOREPOSVALIDATION>No</IGNOREPOSVALIDATION>
        <EXCISEOPENING>No</EXCISEOPENING>
        <USEFORFINALPRODUCTION>No</USEFORFINALPRODUCTION>
        <ISTDSOVERRIDDEN>No</ISTDSOVERRIDDEN>
        <ISTCSOVERRIDDEN>No</ISTCSOVERRIDDEN>
        <ISTDSTCSCASHVCH>No</ISTDSTCSCASHVCH>
        <INCLUDEADVPYMTVCH>No</INCLUDEADVPYMTVCH>
        <ISSUBWORKSCONTRACT>No</ISSUBWORKSCONTRACT>
        <ISVATOVERRIDDEN>No</ISVATOVERRIDDEN>
        <IGNOREORIGVCHDATE>No</IGNOREORIGVCHDATE>
        <ISVATPAIDATCUSTOMS>No</ISVATPAIDATCUSTOMS>
        <ISDECLAREDTOCUSTOMS>No</ISDECLAREDTOCUSTOMS>
        <ISSERVICETAXOVERRIDDEN>No</ISSERVICETAXOVERRIDDEN>
        <ISISDVOUCHER>No</ISISDVOUCHER>
        <ISEXCISEOVERRIDDEN>No</ISEXCISEOVERRIDDEN>
        <ISEXCISESUPPLYVCH>No</ISEXCISESUPPLYVCH>
        <ISGSTOVERRIDDEN>No</ISGSTOVERRIDDEN>
        <GSTNOTEXPORTED>No</GSTNOTEXPORTED>
        <IGNOREGSTINVALIDATION>No</IGNOREGSTINVALIDATION>
        <ISVATPRINCIPALACCOUNT>No</ISVATPRINCIPALACCOUNT>
        <ISBOENOTAPPLICABLE>No</ISBOENOTAPPLICABLE>
        <ISSHIPPINGWITHINSTATE>No</ISSHIPPINGWITHINSTATE>
        <ISOVERSEASTOURISTTRANS>No</ISOVERSEASTOURISTTRANS>
        <ISDESIGNATEDZONEPARTY>No</ISDESIGNATEDZONEPARTY>
        <ISCANCELLED>No</ISCANCELLED>
        <HASCASHFLOW>Yes</HASCASHFLOW>
        <ISPOSTDATED>No</ISPOSTDATED>
        <USETRACKINGNUMBER>No</USETRACKINGNUMBER>
        <ISINVOICE>No</ISINVOICE>
        <MFGJOURNAL>No</MFGJOURNAL>
        <HASDISCOUNTS>No</HASDISCOUNTS>
        <ASPAYSLIP>No</ASPAYSLIP>
        <ISCOSTCENTRE>No</ISCOSTCENTRE>
        <ISSTXNONREALIZEDVCH>No</ISSTXNONREALIZEDVCH>
        <ISEXCISEMANUFACTURERON>No</ISEXCISEMANUFACTURERON>
        <ISBLANKCHEQUE>No</ISBLANKCHEQUE>
        <ISVOID>No</ISVOID>
        <ISONHOLD>No</ISONHOLD>
        <ORDERLINESTATUS>No</ORDERLINESTATUS>
        <VATISAGNSTCANCSALES>No</VATISAGNSTCANCSALES>
        <VATISPURCEXEMPTED>No</VATISPURCEXEMPTED>
        <ISVATRESTAXINVOICE>No</ISVATRESTAXINVOICE>
        <VATISASSESABLECALCVCH>No</VATISASSESABLECALCVCH>
        <ISVATDUTYPAID>Yes</ISVATDUTYPAID>
        <ISDELIVERYSAMEASCONSIGNEE>No</ISDELIVERYSAMEASCONSIGNEE>
        <ISDISPATCHSAMEASCONSIGNOR>No</ISDISPATCHSAMEASCONSIGNOR>
        <ISDELETED>No</ISDELETED>
        <CHANGEVCHMODE>No</CHANGEVCHMODE>
        <EXCLUDEDTAXATIONS.LIST> </EXCLUDEDTAXATIONS.LIST>
        <OLDAUDITENTRIES.LIST> </OLDAUDITENTRIES.LIST>
        <ACCOUNTAUDITENTRIES.LIST> </ACCOUNTAUDITENTRIES.LIST>
        <AUDITENTRIES.LIST> </AUDITENTRIES.LIST>
        <DUTYHEADDETAILS.LIST> </DUTYHEADDETAILS.LIST>
        <SUPPLEMENTARYDUTYHEADDETAILS.LIST> </SUPPLEMENTARYDUTYHEADDETAILS.LIST>
        <EWAYBILLDETAILS.LIST> </EWAYBILLDETAILS.LIST>
        <INVOICEDELNOTES.LIST> </INVOICEDELNOTES.LIST>
        <INVOICEORDERLIST.LIST> </INVOICEORDERLIST.LIST>
        <INVOICEINDENTLIST.LIST> </INVOICEINDENTLIST.LIST>
        <ATTENDANCEENTRIES.LIST> </ATTENDANCEENTRIES.LIST>
        <ORIGINVOICEDETAILS.LIST> </ORIGINVOICEDETAILS.LIST>
        <INVOICEEXPORTLIST.LIST> </INVOICEEXPORTLIST.LIST>
        <ALLLEDGERENTRIES.LIST>
            <OLDAUDITENTRYIDS.LIST TYPE="Number">
                <OLDAUDITENTRYIDS>-1</OLDAUDITENTRYIDS>
            </OLDAUDITENTRYIDS.LIST>
            <LEDGERNAME>HURSHIKESH RANA</LEDGERNAME>
            <GSTCLASS/>
            <ISDEEMEDPOSITIVE>No</ISDEEMEDPOSITIVE>
            <LEDGERFROMITEM>No</LEDGERFROMITEM>
            <REMOVEZEROENTRIES>No</REMOVEZEROENTRIES>
            <ISPARTYLEDGER>Yes</ISPARTYLEDGER>
            <ISLASTDEEMEDPOSITIVE>No</ISLASTDEEMEDPOSITIVE>
            <ISCAPVATTAXALTERED>No</ISCAPVATTAXALTERED>
            <ISCAPVATNOTCLAIMED>No</ISCAPVATNOTCLAIMED>
            <AMOUNT>4600.00</AMOUNT>
            <SERVICETAXDETAILS.LIST> </SERVICETAXDETAILS.LIST>
            <BANKALLOCATIONS.LIST> </BANKALLOCATIONS.LIST><BILLALLOCATIONS.LIST>
                    <NAME>EST/QTN-0077/24-25</NAME>
                    <BILLTYPE>New Ref</BILLTYPE>
                    <TDSDEDUCTEEISSPECIALRATE>No</TDSDEDUCTEEISSPECIALRATE>
                    <AMOUNT>4600.00</AMOUNT>
                    <INTERESTCOLLECTION.LIST> </INTERESTCOLLECTION.LIST>
                    <STBILLCATEGORIES.LIST> </STBILLCATEGORIES.LIST>
                </BILLALLOCATIONS.LIST><INTERESTCOLLECTION.LIST> </INTERESTCOLLECTION.LIST>
            <OLDAUDITENTRIES.LIST> </OLDAUDITENTRIES.LIST>
            <ACCOUNTAUDITENTRIES.LIST> </ACCOUNTAUDITENTRIES.LIST>
            <AUDITENTRIES.LIST> </AUDITENTRIES.LIST>
            <INPUTCRALLOCS.LIST> </INPUTCRALLOCS.LIST>
            <DUTYHEADDETAILS.LIST> </DUTYHEADDETAILS.LIST>
            <EXCISEDUTYHEADDETAILS.LIST> </EXCISEDUTYHEADDETAILS.LIST>
            <RATEDETAILS.LIST> </RATEDETAILS.LIST>
            <SUMMARYALLOCS.LIST> </SUMMARYALLOCS.LIST>
            <STPYMTDETAILS.LIST> </STPYMTDETAILS.LIST>
            <EXCISEPAYMENTALLOCATIONS.LIST> </EXCISEPAYMENTALLOCATIONS.LIST>
            <TAXBILLALLOCATIONS.LIST> </TAXBILLALLOCATIONS.LIST>
            <TAXOBJECTALLOCATIONS.LIST> </TAXOBJECTALLOCATIONS.LIST>
            <TDSEXPENSEALLOCATIONS.LIST> </TDSEXPENSEALLOCATIONS.LIST>
            <VATSTATUTORYDETAILS.LIST> </VATSTATUTORYDETAILS.LIST>
            <COSTTRACKALLOCATIONS.LIST> </COSTTRACKALLOCATIONS.LIST>
            <REFVOUCHERDETAILS.LIST> </REFVOUCHERDETAILS.LIST>
            <INVOICEWISEDETAILS.LIST> </INVOICEWISEDETAILS.LIST>
            <VATITCDETAILS.LIST> </VATITCDETAILS.LIST>
            <ADVANCETAXDETAILS.LIST> </ADVANCETAXDETAILS.LIST>
        </ALLLEDGERENTRIES.LIST>
        <ALLLEDGERENTRIES.LIST>
            <OLDAUDITENTRYIDS.LIST TYPE="Number">
                <OLDAUDITENTRYIDS>-1</OLDAUDITENTRYIDS>
            </OLDAUDITENTRYIDS.LIST>
            <LEDGERNAME>CASH</LEDGERNAME>
            <GSTCLASS/>
            <ISDEEMEDPOSITIVE>Yes</ISDEEMEDPOSITIVE>
            <LEDGERFROMITEM>No</LEDGERFROMITEM>
            <REMOVEZEROENTRIES>No</REMOVEZEROENTRIES>
            <ISPARTYLEDGER>Yes</ISPARTYLEDGER>
            <ISLASTDEEMEDPOSITIVE>Yes</ISLASTDEEMEDPOSITIVE>
            <ISCAPVATTAXALTERED>No</ISCAPVATTAXALTERED>
            <ISCAPVATNOTCLAIMED>No</ISCAPVATNOTCLAIMED>
            <AMOUNT>-4600.00</AMOUNT>
            <SERVICETAXDETAILS.LIST> </SERVICETAXDETAILS.LIST>
            <BANKALLOCATIONS.LIST>
                <DATE>20241030</DATE>
                <INSTRUMENTDATE>19700101</INSTRUMENTDATE>
                <NAME>39f49c29-7374-4ca6-a2a0-99aec38cfb3d</NAME>
                <TRANSACTIONTYPE>Cash</TRANSACTIONTYPE>
                <BANKNAME/>
                <PAYMENTFAVOURING>HURSHIKESH RANA</PAYMENTFAVOURING>
                <INSTRUMENTNUMBER/>
                <UNIQUEREFERENCENUMBER>4zitgHwboqzte2Bc</UNIQUEREFERENCENUMBER>
                <STATUS>No</STATUS>
                <PAYMENTMODE>Transacted</PAYMENTMODE>
                <BANKPARTYNAME>HURSHIKESH RANA</BANKPARTYNAME>
                <ISCONNECTEDPAYMENT>No</ISCONNECTEDPAYMENT>
                <ISSPLIT>No</ISSPLIT>
                <ISCONTRACTUSED>No</ISCONTRACTUSED>
                <ISACCEPTEDWITHWARNING>No</ISACCEPTEDWITHWARNING>
                <ISTRANSFORCED>No</ISTRANSFORCED>
                <CHEQUEPRINTED> 1</CHEQUEPRINTED>
                <AMOUNT>-4600.00</AMOUNT>
                <CONTRACTDETAILS.LIST> </CONTRACTDETAILS.LIST>
                <BANKSTATUSINFO.LIST> </BANKSTATUSINFO.LIST>
            </BANKALLOCATIONS.LIST>
            <BILLALLOCATIONS.LIST> </BILLALLOCATIONS.LIST>
            <INTERESTCOLLECTION.LIST> </INTERESTCOLLECTION.LIST>
            <OLDAUDITENTRIES.LIST> </OLDAUDITENTRIES.LIST>
            <ACCOUNTAUDITENTRIES.LIST> </ACCOUNTAUDITENTRIES.LIST>
            <AUDITENTRIES.LIST> </AUDITENTRIES.LIST>
            <INPUTCRALLOCS.LIST> </INPUTCRALLOCS.LIST>
            <DUTYHEADDETAILS.LIST> </DUTYHEADDETAILS.LIST>
            <EXCISEDUTYHEADDETAILS.LIST> </EXCISEDUTYHEADDETAILS.LIST>
            <RATEDETAILS.LIST> </RATEDETAILS.LIST>
            <SUMMARYALLOCS.LIST> </SUMMARYALLOCS.LIST>
            <STPYMTDETAILS.LIST> </STPYMTDETAILS.LIST>
            <EXCISEPAYMENTALLOCATIONS.LIST> </EXCISEPAYMENTALLOCATIONS.LIST>
            <TAXBILLALLOCATIONS.LIST> </TAXBILLALLOCATIONS.LIST>
            <TAXOBJECTALLOCATIONS.LIST> </TAXOBJECTALLOCATIONS.LIST>
            <TDSEXPENSEALLOCATIONS.LIST> </TDSEXPENSEALLOCATIONS.LIST>
            <VATSTATUTORYDETAILS.LIST> </VATSTATUTORYDETAILS.LIST>
            <COSTTRACKALLOCATIONS.LIST> </COSTTRACKALLOCATIONS.LIST>
            <REFVOUCHERDETAILS.LIST> </REFVOUCHERDETAILS.LIST>
            <INVOICEWISEDETAILS.LIST> </INVOICEWISEDETAILS.LIST>
            <VATITCDETAILS.LIST> </VATITCDETAILS.LIST>
            <ADVANCETAXDETAILS.LIST> </ADVANCETAXDETAILS.LIST>
        </ALLLEDGERENTRIES.LIST>
        <PAYROLLMODEOFPAYMENT.LIST> </PAYROLLMODEOFPAYMENT.LIST>
        <ATTDRECORDS.LIST> </ATTDRECORDS.LIST>
        <GSTEWAYCONSIGNORADDRESS.LIST> </GSTEWAYCONSIGNORADDRESS.LIST>
        <GSTEWAYCONSIGNEEADDRESS.LIST> </GSTEWAYCONSIGNEEADDRESS.LIST>
        <TEMPGSTRATEDETAILS.LIST> </TEMPGSTRATEDETAILS.LIST></VOUCHER>
</TALLYMESSAGE><TALLYMESSAGE xmlns:UDF="TallyUDF">
    <VOUCHER VCHTYPE="Receipt" ACTION="Create" OBJVIEW="Accounting Voucher View">
        <OLDAUDITENTRYIDS.LIST TYPE="Number">
            <OLDAUDITENTRYIDS>-1</OLDAUDITENTRYIDS>
        </OLDAUDITENTRYIDS.LIST>
        <DATE>20241031</DATE>
        <GUID>fb0a08e7-3fca-4e96-8926-f090dfb9c8ae-00000287</GUID>
        <VOUCHERTYPENAME>Receipt</VOUCHERTYPENAME>
        <PARTYLEDGERNAME>CASH SALES</PARTYLEDGERNAME>
        <CSTFORMISSUETYPE/>
        <CSTFORMRECVTYPE/>
        <FBTPAYMENTTYPE>Default</FBTPAYMENTTYPE>
        <PERSISTEDVIEW>Accounting Voucher View</PERSISTEDVIEW>
        <VCHGSTCLASS/>
        <DIFFACTUALQTY>No</DIFFACTUALQTY>
        <ISMSTFROMSYNC>No</ISMSTFROMSYNC>
        <ASORIGINAL>No</ASORIGINAL>
        <AUDITED>No</AUDITED>
        <FORJOBCOSTING>No</FORJOBCOSTING>
        <ISOPTIONAL>No</ISOPTIONAL>
        <USEFOREXCISE>No</USEFOREXCISE>
        <ISFORJOBWORKIN>No</ISFORJOBWORKIN>
        <ALLOWCONSUMPTION>No</ALLOWCONSUMPTION>
        <USEFORINTEREST>No</USEFORINTEREST>
        <USEFORGAINLOSS>No</USEFORGAINLOSS>
        <USEFORGODOWNTRANSFER>No</USEFORGODOWNTRANSFER>
        <USEFORCOMPOUND>No</USEFORCOMPOUND>
        <USEFORSERVICETAX>No</USEFORSERVICETAX>
        <ISEXCISEVOUCHER>No</ISEXCISEVOUCHER>
        <EXCISETAXOVERRIDE>No</EXCISETAXOVERRIDE>
        <USEFORTAXUNITTRANSFER>No</USEFORTAXUNITTRANSFER>
        <IGNOREPOSVALIDATION>No</IGNOREPOSVALIDATION>
        <EXCISEOPENING>No</EXCISEOPENING>
        <USEFORFINALPRODUCTION>No</USEFORFINALPRODUCTION>
        <ISTDSOVERRIDDEN>No</ISTDSOVERRIDDEN>
        <ISTCSOVERRIDDEN>No</ISTCSOVERRIDDEN>
        <ISTDSTCSCASHVCH>No</ISTDSTCSCASHVCH>
        <INCLUDEADVPYMTVCH>No</INCLUDEADVPYMTVCH>
        <ISSUBWORKSCONTRACT>No</ISSUBWORKSCONTRACT>
        <ISVATOVERRIDDEN>No</ISVATOVERRIDDEN>
        <IGNOREORIGVCHDATE>No</IGNOREORIGVCHDATE>
        <ISVATPAIDATCUSTOMS>No</ISVATPAIDATCUSTOMS>
        <ISDECLAREDTOCUSTOMS>No</ISDECLAREDTOCUSTOMS>
        <ISSERVICETAXOVERRIDDEN>No</ISSERVICETAXOVERRIDDEN>
        <ISISDVOUCHER>No</ISISDVOUCHER>
        <ISEXCISEOVERRIDDEN>No</ISEXCISEOVERRIDDEN>
        <ISEXCISESUPPLYVCH>No</ISEXCISESUPPLYVCH>
        <ISGSTOVERRIDDEN>No</ISGSTOVERRIDDEN>
        <GSTNOTEXPORTED>No</GSTNOTEXPORTED>
        <IGNOREGSTINVALIDATION>No</IGNOREGSTINVALIDATION>
        <ISVATPRINCIPALACCOUNT>No</ISVATPRINCIPALACCOUNT>
        <ISBOENOTAPPLICABLE>No</ISBOENOTAPPLICABLE>
        <ISSHIPPINGWITHINSTATE>No</ISSHIPPINGWITHINSTATE>
        <ISOVERSEASTOURISTTRANS>No</ISOVERSEASTOURISTTRANS>
        <ISDESIGNATEDZONEPARTY>No</ISDESIGNATEDZONEPARTY>
        <ISCANCELLED>No</ISCANCELLED>
        <HASCASHFLOW>Yes</HASCASHFLOW>
        <ISPOSTDATED>No</ISPOSTDATED>
        <USETRACKINGNUMBER>No</USETRACKINGNUMBER>
        <ISINVOICE>No</ISINVOICE>
        <MFGJOURNAL>No</MFGJOURNAL>
        <HASDISCOUNTS>No</HASDISCOUNTS>
        <ASPAYSLIP>No</ASPAYSLIP>
        <ISCOSTCENTRE>No</ISCOSTCENTRE>
        <ISSTXNONREALIZEDVCH>No</ISSTXNONREALIZEDVCH>
        <ISEXCISEMANUFACTURERON>No</ISEXCISEMANUFACTURERON>
        <ISBLANKCHEQUE>No</ISBLANKCHEQUE>
        <ISVOID>No</ISVOID>
        <ISONHOLD>No</ISONHOLD>
        <ORDERLINESTATUS>No</ORDERLINESTATUS>
        <VATISAGNSTCANCSALES>No</VATISAGNSTCANCSALES>
        <VATISPURCEXEMPTED>No</VATISPURCEXEMPTED>
        <ISVATRESTAXINVOICE>No</ISVATRESTAXINVOICE>
        <VATISASSESABLECALCVCH>No</VATISASSESABLECALCVCH>
        <ISVATDUTYPAID>Yes</ISVATDUTYPAID>
        <ISDELIVERYSAMEASCONSIGNEE>No</ISDELIVERYSAMEASCONSIGNEE>
        <ISDISPATCHSAMEASCONSIGNOR>No</ISDISPATCHSAMEASCONSIGNOR>
        <ISDELETED>No</ISDELETED>
        <CHANGEVCHMODE>No</CHANGEVCHMODE>
        <EXCLUDEDTAXATIONS.LIST> </EXCLUDEDTAXATIONS.LIST>
        <OLDAUDITENTRIES.LIST> </OLDAUDITENTRIES.LIST>
        <ACCOUNTAUDITENTRIES.LIST> </ACCOUNTAUDITENTRIES.LIST>
        <AUDITENTRIES.LIST> </AUDITENTRIES.LIST>
        <DUTYHEADDETAILS.LIST> </DUTYHEADDETAILS.LIST>
        <SUPPLEMENTARYDUTYHEADDETAILS.LIST> </SUPPLEMENTARYDUTYHEADDETAILS.LIST>
        <EWAYBILLDETAILS.LIST> </EWAYBILLDETAILS.LIST>
        <INVOICEDELNOTES.LIST> </INVOICEDELNOTES.LIST>
        <INVOICEORDERLIST.LIST> </INVOICEORDERLIST.LIST>
        <INVOICEINDENTLIST.LIST> </INVOICEINDENTLIST.LIST>
        <ATTENDANCEENTRIES.LIST> </ATTENDANCEENTRIES.LIST>
        <ORIGINVOICEDETAILS.LIST> </ORIGINVOICEDETAILS.LIST>
        <INVOICEEXPORTLIST.LIST> </INVOICEEXPORTLIST.LIST>
        <ALLLEDGERENTRIES.LIST>
            <OLDAUDITENTRYIDS.LIST TYPE="Number">
                <OLDAUDITENTRYIDS>-1</OLDAUDITENTRYIDS>
            </OLDAUDITENTRYIDS.LIST>
            <LEDGERNAME>CASH SALES</LEDGERNAME>
            <GSTCLASS/>
            <ISDEEMEDPOSITIVE>No</ISDEEMEDPOSITIVE>
            <LEDGERFROMITEM>No</LEDGERFROMITEM>
            <REMOVEZEROENTRIES>No</REMOVEZEROENTRIES>
            <ISPARTYLEDGER>Yes</ISPARTYLEDGER>
            <ISLASTDEEMEDPOSITIVE>No</ISLASTDEEMEDPOSITIVE>
            <ISCAPVATTAXALTERED>No</ISCAPVATTAXALTERED>
            <ISCAPVATNOTCLAIMED>No</ISCAPVATNOTCLAIMED>
            <AMOUNT>120.00</AMOUNT>
            <SERVICETAXDETAILS.LIST> </SERVICETAXDETAILS.LIST>
            <BANKALLOCATIONS.LIST> </BANKALLOCATIONS.LIST><BILLALLOCATIONS.LIST>
                    <NAME>EST/QTN-0078/24-25</NAME>
                    <BILLTYPE>New Ref</BILLTYPE>
                    <TDSDEDUCTEEISSPECIALRATE>No</TDSDEDUCTEEISSPECIALRATE>
                    <AMOUNT>120.00</AMOUNT>
                    <INTERESTCOLLECTION.LIST> </INTERESTCOLLECTION.LIST>
                    <STBILLCATEGORIES.LIST> </STBILLCATEGORIES.LIST>
                </BILLALLOCATIONS.LIST><INTERESTCOLLECTION.LIST> </INTERESTCOLLECTION.LIST>
            <OLDAUDITENTRIES.LIST> </OLDAUDITENTRIES.LIST>
            <ACCOUNTAUDITENTRIES.LIST> </ACCOUNTAUDITENTRIES.LIST>
            <AUDITENTRIES.LIST> </AUDITENTRIES.LIST>
            <INPUTCRALLOCS.LIST> </INPUTCRALLOCS.LIST>
            <DUTYHEADDETAILS.LIST> </DUTYHEADDETAILS.LIST>
            <EXCISEDUTYHEADDETAILS.LIST> </EXCISEDUTYHEADDETAILS.LIST>
            <RATEDETAILS.LIST> </RATEDETAILS.LIST>
            <SUMMARYALLOCS.LIST> </SUMMARYALLOCS.LIST>
            <STPYMTDETAILS.LIST> </STPYMTDETAILS.LIST>
            <EXCISEPAYMENTALLOCATIONS.LIST> </EXCISEPAYMENTALLOCATIONS.LIST>
            <TAXBILLALLOCATIONS.LIST> </TAXBILLALLOCATIONS.LIST>
            <TAXOBJECTALLOCATIONS.LIST> </TAXOBJECTALLOCATIONS.LIST>
            <TDSEXPENSEALLOCATIONS.LIST> </TDSEXPENSEALLOCATIONS.LIST>
            <VATSTATUTORYDETAILS.LIST> </VATSTATUTORYDETAILS.LIST>
            <COSTTRACKALLOCATIONS.LIST> </COSTTRACKALLOCATIONS.LIST>
            <REFVOUCHERDETAILS.LIST> </REFVOUCHERDETAILS.LIST>
            <INVOICEWISEDETAILS.LIST> </INVOICEWISEDETAILS.LIST>
            <VATITCDETAILS.LIST> </VATITCDETAILS.LIST>
            <ADVANCETAXDETAILS.LIST> </ADVANCETAXDETAILS.LIST>
        </ALLLEDGERENTRIES.LIST>
        <ALLLEDGERENTRIES.LIST>
            <OLDAUDITENTRYIDS.LIST TYPE="Number">
                <OLDAUDITENTRYIDS>-1</OLDAUDITENTRYIDS>
            </OLDAUDITENTRYIDS.LIST>
            <LEDGERNAME>CASH</LEDGERNAME>
            <GSTCLASS/>
            <ISDEEMEDPOSITIVE>Yes</ISDEEMEDPOSITIVE>
            <LEDGERFROMITEM>No</LEDGERFROMITEM>
            <REMOVEZEROENTRIES>No</REMOVEZEROENTRIES>
            <ISPARTYLEDGER>Yes</ISPARTYLEDGER>
            <ISLASTDEEMEDPOSITIVE>Yes</ISLASTDEEMEDPOSITIVE>
            <ISCAPVATTAXALTERED>No</ISCAPVATTAXALTERED>
            <ISCAPVATNOTCLAIMED>No</ISCAPVATNOTCLAIMED>
            <AMOUNT>-120.00</AMOUNT>
            <SERVICETAXDETAILS.LIST> </SERVICETAXDETAILS.LIST>
            <BANKALLOCATIONS.LIST>
                <DATE>20241031</DATE>
                <INSTRUMENTDATE>19700101</INSTRUMENTDATE>
                <NAME>39f49c29-7374-4ca6-a2a0-99aec38cfb3d</NAME>
                <TRANSACTIONTYPE>Cash</TRANSACTIONTYPE>
                <BANKNAME/>
                <PAYMENTFAVOURING>CASH SALES</PAYMENTFAVOURING>
                <INSTRUMENTNUMBER/>
                <UNIQUEREFERENCENUMBER>4zitgHwboqzte2Bc</UNIQUEREFERENCENUMBER>
                <STATUS>No</STATUS>
                <PAYMENTMODE>Transacted</PAYMENTMODE>
                <BANKPARTYNAME>CASH SALES</BANKPARTYNAME>
                <ISCONNECTEDPAYMENT>No</ISCONNECTEDPAYMENT>
                <ISSPLIT>No</ISSPLIT>
                <ISCONTRACTUSED>No</ISCONTRACTUSED>
                <ISACCEPTEDWITHWARNING>No</ISACCEPTEDWITHWARNING>
                <ISTRANSFORCED>No</ISTRANSFORCED>
                <CHEQUEPRINTED> 1</CHEQUEPRINTED>
                <AMOUNT>-120.00</AMOUNT>
                <CONTRACTDETAILS.LIST> </CONTRACTDETAILS.LIST>
                <BANKSTATUSINFO.LIST> </BANKSTATUSINFO.LIST>
            </BANKALLOCATIONS.LIST>
            <BILLALLOCATIONS.LIST> </BILLALLOCATIONS.LIST>
            <INTERESTCOLLECTION.LIST> </INTERESTCOLLECTION.LIST>
            <OLDAUDITENTRIES.LIST> </OLDAUDITENTRIES.LIST>
            <ACCOUNTAUDITENTRIES.LIST> </ACCOUNTAUDITENTRIES.LIST>
            <AUDITENTRIES.LIST> </AUDITENTRIES.LIST>
            <INPUTCRALLOCS.LIST> </INPUTCRALLOCS.LIST>
            <DUTYHEADDETAILS.LIST> </DUTYHEADDETAILS.LIST>
            <EXCISEDUTYHEADDETAILS.LIST> </EXCISEDUTYHEADDETAILS.LIST>
            <RATEDETAILS.LIST> </RATEDETAILS.LIST>
            <SUMMARYALLOCS.LIST> </SUMMARYALLOCS.LIST>
            <STPYMTDETAILS.LIST> </STPYMTDETAILS.LIST>
            <EXCISEPAYMENTALLOCATIONS.LIST> </EXCISEPAYMENTALLOCATIONS.LIST>
            <TAXBILLALLOCATIONS.LIST> </TAXBILLALLOCATIONS.LIST>
            <TAXOBJECTALLOCATIONS.LIST> </TAXOBJECTALLOCATIONS.LIST>
            <TDSEXPENSEALLOCATIONS.LIST> </TDSEXPENSEALLOCATIONS.LIST>
            <VATSTATUTORYDETAILS.LIST> </VATSTATUTORYDETAILS.LIST>
            <COSTTRACKALLOCATIONS.LIST> </COSTTRACKALLOCATIONS.LIST>
            <REFVOUCHERDETAILS.LIST> </REFVOUCHERDETAILS.LIST>
            <INVOICEWISEDETAILS.LIST> </INVOICEWISEDETAILS.LIST>
            <VATITCDETAILS.LIST> </VATITCDETAILS.LIST>
            <ADVANCETAXDETAILS.LIST> </ADVANCETAXDETAILS.LIST>
        </ALLLEDGERENTRIES.LIST>
        <PAYROLLMODEOFPAYMENT.LIST> </PAYROLLMODEOFPAYMENT.LIST>
        <ATTDRECORDS.LIST> </ATTDRECORDS.LIST>
        <GSTEWAYCONSIGNORADDRESS.LIST> </GSTEWAYCONSIGNORADDRESS.LIST>
        <GSTEWAYCONSIGNEEADDRESS.LIST> </GSTEWAYCONSIGNEEADDRESS.LIST>
        <TEMPGSTRATEDETAILS.LIST> </TEMPGSTRATEDETAILS.LIST></VOUCHER>
</TALLYMESSAGE><TALLYMESSAGE xmlns:UDF="TallyUDF">
    <VOUCHER VCHTYPE="Receipt" ACTION="Create" OBJVIEW="Accounting Voucher View">
        <OLDAUDITENTRYIDS.LIST TYPE="Number">
            <OLDAUDITENTRYIDS>-1</OLDAUDITENTRYIDS>
        </OLDAUDITENTRYIDS.LIST>
        <DATE>20241031</DATE>
        <GUID>fb0a08e7-3fca-4e96-8926-f090dfb9c8ae-00000287</GUID>
        <VOUCHERTYPENAME>Receipt</VOUCHERTYPENAME>
        <PARTYLEDGERNAME>CASH SALES</PARTYLEDGERNAME>
        <CSTFORMISSUETYPE/>
        <CSTFORMRECVTYPE/>
        <FBTPAYMENTTYPE>Default</FBTPAYMENTTYPE>
        <PERSISTEDVIEW>Accounting Voucher View</PERSISTEDVIEW>
        <VCHGSTCLASS/>
        <DIFFACTUALQTY>No</DIFFACTUALQTY>
        <ISMSTFROMSYNC>No</ISMSTFROMSYNC>
        <ASORIGINAL>No</ASORIGINAL>
        <AUDITED>No</AUDITED>
        <FORJOBCOSTING>No</FORJOBCOSTING>
        <ISOPTIONAL>No</ISOPTIONAL>
        <USEFOREXCISE>No</USEFOREXCISE>
        <ISFORJOBWORKIN>No</ISFORJOBWORKIN>
        <ALLOWCONSUMPTION>No</ALLOWCONSUMPTION>
        <USEFORINTEREST>No</USEFORINTEREST>
        <USEFORGAINLOSS>No</USEFORGAINLOSS>
        <USEFORGODOWNTRANSFER>No</USEFORGODOWNTRANSFER>
        <USEFORCOMPOUND>No</USEFORCOMPOUND>
        <USEFORSERVICETAX>No</USEFORSERVICETAX>
        <ISEXCISEVOUCHER>No</ISEXCISEVOUCHER>
        <EXCISETAXOVERRIDE>No</EXCISETAXOVERRIDE>
        <USEFORTAXUNITTRANSFER>No</USEFORTAXUNITTRANSFER>
        <IGNOREPOSVALIDATION>No</IGNOREPOSVALIDATION>
        <EXCISEOPENING>No</EXCISEOPENING>
        <USEFORFINALPRODUCTION>No</USEFORFINALPRODUCTION>
        <ISTDSOVERRIDDEN>No</ISTDSOVERRIDDEN>
        <ISTCSOVERRIDDEN>No</ISTCSOVERRIDDEN>
        <ISTDSTCSCASHVCH>No</ISTDSTCSCASHVCH>
        <INCLUDEADVPYMTVCH>No</INCLUDEADVPYMTVCH>
        <ISSUBWORKSCONTRACT>No</ISSUBWORKSCONTRACT>
        <ISVATOVERRIDDEN>No</ISVATOVERRIDDEN>
        <IGNOREORIGVCHDATE>No</IGNOREORIGVCHDATE>
        <ISVATPAIDATCUSTOMS>No</ISVATPAIDATCUSTOMS>
        <ISDECLAREDTOCUSTOMS>No</ISDECLAREDTOCUSTOMS>
        <ISSERVICETAXOVERRIDDEN>No</ISSERVICETAXOVERRIDDEN>
        <ISISDVOUCHER>No</ISISDVOUCHER>
        <ISEXCISEOVERRIDDEN>No</ISEXCISEOVERRIDDEN>
        <ISEXCISESUPPLYVCH>No</ISEXCISESUPPLYVCH>
        <ISGSTOVERRIDDEN>No</ISGSTOVERRIDDEN>
        <GSTNOTEXPORTED>No</GSTNOTEXPORTED>
        <IGNOREGSTINVALIDATION>No</IGNOREGSTINVALIDATION>
        <ISVATPRINCIPALACCOUNT>No</ISVATPRINCIPALACCOUNT>
        <ISBOENOTAPPLICABLE>No</ISBOENOTAPPLICABLE>
        <ISSHIPPINGWITHINSTATE>No</ISSHIPPINGWITHINSTATE>
        <ISOVERSEASTOURISTTRANS>No</ISOVERSEASTOURISTTRANS>
        <ISDESIGNATEDZONEPARTY>No</ISDESIGNATEDZONEPARTY>
        <ISCANCELLED>No</ISCANCELLED>
        <HASCASHFLOW>Yes</HASCASHFLOW>
        <ISPOSTDATED>No</ISPOSTDATED>
        <USETRACKINGNUMBER>No</USETRACKINGNUMBER>
        <ISINVOICE>No</ISINVOICE>
        <MFGJOURNAL>No</MFGJOURNAL>
        <HASDISCOUNTS>No</HASDISCOUNTS>
        <ASPAYSLIP>No</ASPAYSLIP>
        <ISCOSTCENTRE>No</ISCOSTCENTRE>
        <ISSTXNONREALIZEDVCH>No</ISSTXNONREALIZEDVCH>
        <ISEXCISEMANUFACTURERON>No</ISEXCISEMANUFACTURERON>
        <ISBLANKCHEQUE>No</ISBLANKCHEQUE>
        <ISVOID>No</ISVOID>
        <ISONHOLD>No</ISONHOLD>
        <ORDERLINESTATUS>No</ORDERLINESTATUS>
        <VATISAGNSTCANCSALES>No</VATISAGNSTCANCSALES>
        <VATISPURCEXEMPTED>No</VATISPURCEXEMPTED>
        <ISVATRESTAXINVOICE>No</ISVATRESTAXINVOICE>
        <VATISASSESABLECALCVCH>No</VATISASSESABLECALCVCH>
        <ISVATDUTYPAID>Yes</ISVATDUTYPAID>
        <ISDELIVERYSAMEASCONSIGNEE>No</ISDELIVERYSAMEASCONSIGNEE>
        <ISDISPATCHSAMEASCONSIGNOR>No</ISDISPATCHSAMEASCONSIGNOR>
        <ISDELETED>No</ISDELETED>
        <CHANGEVCHMODE>No</CHANGEVCHMODE>
        <EXCLUDEDTAXATIONS.LIST> </EXCLUDEDTAXATIONS.LIST>
        <OLDAUDITENTRIES.LIST> </OLDAUDITENTRIES.LIST>
        <ACCOUNTAUDITENTRIES.LIST> </ACCOUNTAUDITENTRIES.LIST>
        <AUDITENTRIES.LIST> </AUDITENTRIES.LIST>
        <DUTYHEADDETAILS.LIST> </DUTYHEADDETAILS.LIST>
        <SUPPLEMENTARYDUTYHEADDETAILS.LIST> </SUPPLEMENTARYDUTYHEADDETAILS.LIST>
        <EWAYBILLDETAILS.LIST> </EWAYBILLDETAILS.LIST>
        <INVOICEDELNOTES.LIST> </INVOICEDELNOTES.LIST>
        <INVOICEORDERLIST.LIST> </INVOICEORDERLIST.LIST>
        <INVOICEINDENTLIST.LIST> </INVOICEINDENTLIST.LIST>
        <ATTENDANCEENTRIES.LIST> </ATTENDANCEENTRIES.LIST>
        <ORIGINVOICEDETAILS.LIST> </ORIGINVOICEDETAILS.LIST>
        <INVOICEEXPORTLIST.LIST> </INVOICEEXPORTLIST.LIST>
        <ALLLEDGERENTRIES.LIST>
            <OLDAUDITENTRYIDS.LIST TYPE="Number">
                <OLDAUDITENTRYIDS>-1</OLDAUDITENTRYIDS>
            </OLDAUDITENTRYIDS.LIST>
            <LEDGERNAME>CASH SALES</LEDGERNAME>
            <GSTCLASS/>
            <ISDEEMEDPOSITIVE>No</ISDEEMEDPOSITIVE>
            <LEDGERFROMITEM>No</LEDGERFROMITEM>
            <REMOVEZEROENTRIES>No</REMOVEZEROENTRIES>
            <ISPARTYLEDGER>Yes</ISPARTYLEDGER>
            <ISLASTDEEMEDPOSITIVE>No</ISLASTDEEMEDPOSITIVE>
            <ISCAPVATTAXALTERED>No</ISCAPVATTAXALTERED>
            <ISCAPVATNOTCLAIMED>No</ISCAPVATNOTCLAIMED>
            <AMOUNT>1900.00</AMOUNT>
            <SERVICETAXDETAILS.LIST> </SERVICETAXDETAILS.LIST>
            <BANKALLOCATIONS.LIST> </BANKALLOCATIONS.LIST><BILLALLOCATIONS.LIST>
                    <NAME>EST/QTN-0079/24-25</NAME>
                    <BILLTYPE>New Ref</BILLTYPE>
                    <TDSDEDUCTEEISSPECIALRATE>No</TDSDEDUCTEEISSPECIALRATE>
                    <AMOUNT>1900.00</AMOUNT>
                    <INTERESTCOLLECTION.LIST> </INTERESTCOLLECTION.LIST>
                    <STBILLCATEGORIES.LIST> </STBILLCATEGORIES.LIST>
                </BILLALLOCATIONS.LIST><INTERESTCOLLECTION.LIST> </INTERESTCOLLECTION.LIST>
            <OLDAUDITENTRIES.LIST> </OLDAUDITENTRIES.LIST>
            <ACCOUNTAUDITENTRIES.LIST> </ACCOUNTAUDITENTRIES.LIST>
            <AUDITENTRIES.LIST> </AUDITENTRIES.LIST>
            <INPUTCRALLOCS.LIST> </INPUTCRALLOCS.LIST>
            <DUTYHEADDETAILS.LIST> </DUTYHEADDETAILS.LIST>
            <EXCISEDUTYHEADDETAILS.LIST> </EXCISEDUTYHEADDETAILS.LIST>
            <RATEDETAILS.LIST> </RATEDETAILS.LIST>
            <SUMMARYALLOCS.LIST> </SUMMARYALLOCS.LIST>
            <STPYMTDETAILS.LIST> </STPYMTDETAILS.LIST>
            <EXCISEPAYMENTALLOCATIONS.LIST> </EXCISEPAYMENTALLOCATIONS.LIST>
            <TAXBILLALLOCATIONS.LIST> </TAXBILLALLOCATIONS.LIST>
            <TAXOBJECTALLOCATIONS.LIST> </TAXOBJECTALLOCATIONS.LIST>
            <TDSEXPENSEALLOCATIONS.LIST> </TDSEXPENSEALLOCATIONS.LIST>
            <VATSTATUTORYDETAILS.LIST> </VATSTATUTORYDETAILS.LIST>
            <COSTTRACKALLOCATIONS.LIST> </COSTTRACKALLOCATIONS.LIST>
            <REFVOUCHERDETAILS.LIST> </REFVOUCHERDETAILS.LIST>
            <INVOICEWISEDETAILS.LIST> </INVOICEWISEDETAILS.LIST>
            <VATITCDETAILS.LIST> </VATITCDETAILS.LIST>
            <ADVANCETAXDETAILS.LIST> </ADVANCETAXDETAILS.LIST>
        </ALLLEDGERENTRIES.LIST>
        <ALLLEDGERENTRIES.LIST>
            <OLDAUDITENTRYIDS.LIST TYPE="Number">
                <OLDAUDITENTRYIDS>-1</OLDAUDITENTRYIDS>
            </OLDAUDITENTRYIDS.LIST>
            <LEDGERNAME>CASH</LEDGERNAME>
            <GSTCLASS/>
            <ISDEEMEDPOSITIVE>Yes</ISDEEMEDPOSITIVE>
            <LEDGERFROMITEM>No</LEDGERFROMITEM>
            <REMOVEZEROENTRIES>No</REMOVEZEROENTRIES>
            <ISPARTYLEDGER>Yes</ISPARTYLEDGER>
            <ISLASTDEEMEDPOSITIVE>Yes</ISLASTDEEMEDPOSITIVE>
            <ISCAPVATTAXALTERED>No</ISCAPVATTAXALTERED>
            <ISCAPVATNOTCLAIMED>No</ISCAPVATNOTCLAIMED>
            <AMOUNT>-1900.00</AMOUNT>
            <SERVICETAXDETAILS.LIST> </SERVICETAXDETAILS.LIST>
            <BANKALLOCATIONS.LIST>
                <DATE>20241031</DATE>
                <INSTRUMENTDATE>19700101</INSTRUMENTDATE>
                <NAME>39f49c29-7374-4ca6-a2a0-99aec38cfb3d</NAME>
                <TRANSACTIONTYPE>Cash</TRANSACTIONTYPE>
                <BANKNAME/>
                <PAYMENTFAVOURING>CASH SALES</PAYMENTFAVOURING>
                <INSTRUMENTNUMBER/>
                <UNIQUEREFERENCENUMBER>4zitgHwboqzte2Bc</UNIQUEREFERENCENUMBER>
                <STATUS>No</STATUS>
                <PAYMENTMODE>Transacted</PAYMENTMODE>
                <BANKPARTYNAME>CASH SALES</BANKPARTYNAME>
                <ISCONNECTEDPAYMENT>No</ISCONNECTEDPAYMENT>
                <ISSPLIT>No</ISSPLIT>
                <ISCONTRACTUSED>No</ISCONTRACTUSED>
                <ISACCEPTEDWITHWARNING>No</ISACCEPTEDWITHWARNING>
                <ISTRANSFORCED>No</ISTRANSFORCED>
                <CHEQUEPRINTED> 1</CHEQUEPRINTED>
                <AMOUNT>-1900.00</AMOUNT>
                <CONTRACTDETAILS.LIST> </CONTRACTDETAILS.LIST>
                <BANKSTATUSINFO.LIST> </BANKSTATUSINFO.LIST>
            </BANKALLOCATIONS.LIST>
            <BILLALLOCATIONS.LIST> </BILLALLOCATIONS.LIST>
            <INTERESTCOLLECTION.LIST> </INTERESTCOLLECTION.LIST>
            <OLDAUDITENTRIES.LIST> </OLDAUDITENTRIES.LIST>
            <ACCOUNTAUDITENTRIES.LIST> </ACCOUNTAUDITENTRIES.LIST>
            <AUDITENTRIES.LIST> </AUDITENTRIES.LIST>
            <INPUTCRALLOCS.LIST> </INPUTCRALLOCS.LIST>
            <DUTYHEADDETAILS.LIST> </DUTYHEADDETAILS.LIST>
            <EXCISEDUTYHEADDETAILS.LIST> </EXCISEDUTYHEADDETAILS.LIST>
            <RATEDETAILS.LIST> </RATEDETAILS.LIST>
            <SUMMARYALLOCS.LIST> </SUMMARYALLOCS.LIST>
            <STPYMTDETAILS.LIST> </STPYMTDETAILS.LIST>
            <EXCISEPAYMENTALLOCATIONS.LIST> </EXCISEPAYMENTALLOCATIONS.LIST>
            <TAXBILLALLOCATIONS.LIST> </TAXBILLALLOCATIONS.LIST>
            <TAXOBJECTALLOCATIONS.LIST> </TAXOBJECTALLOCATIONS.LIST>
            <TDSEXPENSEALLOCATIONS.LIST> </TDSEXPENSEALLOCATIONS.LIST>
            <VATSTATUTORYDETAILS.LIST> </VATSTATUTORYDETAILS.LIST>
            <COSTTRACKALLOCATIONS.LIST> </COSTTRACKALLOCATIONS.LIST>
            <REFVOUCHERDETAILS.LIST> </REFVOUCHERDETAILS.LIST>
            <INVOICEWISEDETAILS.LIST> </INVOICEWISEDETAILS.LIST>
            <VATITCDETAILS.LIST> </VATITCDETAILS.LIST>
            <ADVANCETAXDETAILS.LIST> </ADVANCETAXDETAILS.LIST>
        </ALLLEDGERENTRIES.LIST>
        <PAYROLLMODEOFPAYMENT.LIST> </PAYROLLMODEOFPAYMENT.LIST>
        <ATTDRECORDS.LIST> </ATTDRECORDS.LIST>
        <GSTEWAYCONSIGNORADDRESS.LIST> </GSTEWAYCONSIGNORADDRESS.LIST>
        <GSTEWAYCONSIGNEEADDRESS.LIST> </GSTEWAYCONSIGNEEADDRESS.LIST>
        <TEMPGSTRATEDETAILS.LIST> </TEMPGSTRATEDETAILS.LIST></VOUCHER>
</TALLYMESSAGE></REQUESTDATA>
  </IMPORTDATA>
 </BODY>
</ENVELOPE>
